3278 5162
560 556 784 619 nouasrnau'
811 555 860 618 nu
882 557 1010 619 annno.
1241 551 1302 618 101

245 695 368 777 domini
390 715 486 800 regis,
507 738 614 780 coram
633 715 767 780 domino
779 725 890 780 nostro
904 711 1144 799 archiepiscopo
1161 711 1303 778 Cantua-

241 815 350 894 riensi,
376 838 443 881 nou
470 817 562 882 vobis
584 817 723 902 pessima
743 817 930 902 ingerendo,
955 811 1013 880 sed
1033 815 1158 880 ratione
1173 815 1309 899 vigenti

245 917 372 981 easdem
405 941 426 982 a
452 919 545 984 vobis
572 920 826 1006 peremptorias¹
838 919 999 1005 judicatas
1032 917 1235 983 defendendo
1265 926 1306 982 ut

243 1018 367 1101 regales
381 1020 475 1083 nobis
488 1023 696 1088 audientibus
710 1023 851 1088 retinere
866 1021 1030 1107 cupiebat.

251 1142 257 1147 ·
288 1125 310 1154 “
320 1119 361 1184 In
375 1123 518 1208 capitulo
533 1134 639 1190 vestro
656 1124 850 1189 Cicestrensi
864 1124 1003 1188 eundem
1017 1122 1079 1186 hoc
1093 1143 1177 1186 auno
1192 1120 1304 1187 absen-

127 1249 130 1254 ·
244 1220 332 1285 tibus
346 1223 436 1288 vobis
454 1226 592 1311 superbe
612 1227 759 1305 intrasse,
784 1238 818 1291 et
836 1249 893 1291 vos
918 1223 1033 1290 multis
1053 1224 1158 1289 modis
1181 1223 1304 1288 ibidem

243 1321 434 1407 dijudicasse
454 1327 628 1412 opponitis.
674 1327 775 1394 Quod
788 1327 930 1392 evidenti
944 1326 1068 1391 ratione
1083 1346 1149 1389 non
1164 1325 1304 1409 superbe

241 1433 280 1486 ut
293 1427 445 1506 asseritis,
469 1429 527 1492 sed
550 1440 681 1494 coactus
705 1429 885 1516 etpacifice
906 1451 940 1492 se
963 1427 1024 1492 hoc
1046 1426 1149 1511 egisse
1171 1427 1305 1491 demon·

240 1535 330 1592 strat.
363 1528 441 1593 Duo
455 1552 596 1616 namque
608 1532 721 1596 decani
731 1533 842 1610 vestri,
853 1527 1018 1595 Lewensis
1030 1528 1154 1593 scilicet
1168 1538 1203 1591 et
1217 1527 1303 1592 Has-

239 1628 407 1713 tingensis,
422 1655 497 1697 cum
515 1655 546 1697 v.
562 1634 780 1698 sacerdotibus
801 1635 837 1698 in
859 1630 1084 1699 testimonium
1097 1630 1133 1693 in
1154 1629 1304 1697 Quadra-

238 1732 370 1816 gesimae
398 1734 495 1799 initio
523 1735 654 1801 Bellum
685 1737 862 1816 venientes,
895 1735 1019 1799 litteras
1054 1731 1178 1797 domini
1206 1753 1303 1820 papae

234 1831 378 1899 'Adriani
392 1859 411 1900 a
425 1838 527 1915 vobis,
553 1850 592 1903 ut
610 1839 660 1904 rei
673 1842 791 1904 veritas
806 1829 866 1917 est,
881 1836 1076 1924 perquisitas
1090 1833 1202 1900 abbati
1216 1855 1301 1920 prae-

238 1936 396 2016 tulerunt,
412 1952 651 2006 summouentes
664 1963 739 2005 eum
754 1942 852 2004 etiam
865 1949 1014 2025 exparte
1028 1936 1131 2022 ipsius
1145 1958 1248 2021 papae,
1262 1947 1301 2002 ut

238 2038 413 2105 Dominica
443 2063 518 2126 quae
538 2043 657 2108 dicitur
679 2043 835 2108 ‘Laetare
859 2037 1070 2106 Jerusalem’2
1108 2037 1298 2102 Cicestriam

237 2141 372 2221 veniret,
401 2143 450 2208 ibi
478 2145 652 2209 auditurus
680 2146 825 2232 ejusdem
853 2141 975 2208 domini
1002 2159 1097 2226 papae
1124 2149 1299 2224 praecepta.

238 2241 329 2309 Quia
350 2266 426 2308 vero
448 2245 579 2310 domino
611 2256 722 2312 nostro
748 2269 824 2331 rege
846 2247 882 2310 in
907 2239 1128 2308 transmarinis
1150 2240 1299 2326 partibus

236 2349 314 2405 tunc
326 2344 503 2408 constituto
514 2345 609 2409 illum
619 2369 717 2431 super
730 2346 791 2410 hoc
803 2345 891 2410 adire
901 2341 1069 2427 nequibat,
1082 2362 1156 2403 cum
1167 2339 1298 2405 domino

235 2453 345 2509 nostro
367 2444 607 2513 cantuarensi
636 2447 876 2533 archiepiscopo
909 2455 943 2510 et
969 2441 1164 2529 quibusdam
1187 2441 1299 2508 amicis

235 2544 302 2607 suis
325 2546 458 2611 consilio
478 2548 724 2627 communicato,
752 2548 940 2612 Cioestriam
963 2546 1015 2610 die
1039 2551 1161 2609 statuta
1185 2543 1294 2628 petiit,

235 2655 334 2730 atque
357 2648 393 2711 in
420 2650 611 2734 capitulum,
637 2649 760 2714 domini
792 2669 886 2736 papae
915 2649 1086 2714 auditurus
1118 2655 1294 2729 praecepta,

234 2749 451 2832 praesentibus
475 2751 541 2815 illis
562 2752 690 2817 duobus
719 2753 847 2816 decanis
871 2761 906 2815 et
929 2747 1122 2835 supradictis
1150 2745 1296 2830 quinque

233 2851 452 2916 sacerdotibus
472 2852 615 2918 intravit.
660 2851 715 2918 Ibi
739 2854 837 2918 etiam
852 2853 902 2917 illi
922 2853 987 2917 duo
1008 2847 1131 2923 decani,
1148 2865 1223 2930 quae
1238 2849 1294 2912 ab·

233 2951 303 3015 bati
317 2954 405 3038 apud
415 2953 546 3018 Bellum
558 2949 781 3041 praetulerant‚
794 2966 828 3020 et
843 2976 918 3042 quae
932 2953 997 3018 illis
1012 2951 1110 3015 abbas
1125 2949 1293 3030 retulerat,

232 3053 304 3118 viva
318 3055 482 3120 testificati
497 3068 575 3121 sunt
597 3081 686 3123 voce.
732 3057 787 3122 Ibi
810 3057 918 3122 clerici
931 3054 1031 3122 vestri
1046 3061 1158 3117 contra
1183 3062 1294 3116 aucto-

232 3157 361 3221 ritatem
375 3158 472 3242 regiae
487 3159 655 3242 dignitatis
670 3162 820 3244 quaedam
834 3161 874 3224 ab
894 3183 933 3223 eo
949 3156 1138 3240 exigebant.
1182 3151 1295 3217 Abbas

231 3282 318 3338 vero,
334 3269 375 3322 ut
388 3261 534 3324 inducias
549 3261 612 3324 sibi
627 3283 693 3344 quo
710 3262 877 3326 dominum
898 3270 1047 3325 nostrum
1068 3275 1178 3338 regem
1194 3254 1293 3334 adire,

231 3371 331 3444 atque
343 3363 413 3448 ejus
428 3383 525 3447 super
538 3362 600 3425 hoc
615 3362 785 3426 consilium
799 3373 833 3426 et
847 3359 1050 3426 voluntatem
1058 3354 1170 3421 audire
1184 3365 1297 3438 posset

230 3463 344 3527 darent
354 3465 461 3549 petiit,
475 3465 531 3528 sed
539 3463 618 3549 ipsis
631 3465 844 3528 renuentibus
860 3465 987 3529 easdem
1001 3466 1163 3552 inpetrare
1178 3473 1298 3557 nequi-

230 3567 288 3630 vit.
303 3565 528 3632 Verumetiam
542 3567 674 3652 insuper
687 3565 749 3630 hoc
764 3589 784 3630 a
798 3565 887 3631 vobis
901 3566 966 3630 illis
980 3567 1169 3654 inpositum,
1183 3596 1293 3659 neque

228 3668 318 3734 aliud
332 3691 429 3754 quarn
443 3670 508 3733 illis
523 3677 726 3755 praeceptum
741 3669 897 3733 extiterat
913 3692 1008 3754 agere
1022 3674 1166 3756 potuisse
1181 3675 1303 3741 testati

229 3781 323 3844 sunt,
361 3772 434 3837 Hoc
449 3774 545 3837 modo
565 3774 664 3837 abbas
677 3773 753 3836 inde
773 3774 936 3853 recedens,
953 3776 1060 3840 omnia
1075 3778 1205 3843 domino
1219 3780 1288 3864 regi

229 3883 268 3936 ut
288 3883 378 3936 erant
396 3896 454 3958 per
474 3874 628 3937 nuntium
651 3896 746 3938 suurn
770 3875 972 3959 significavit.
1027 3877 1189 3944 Dominus
1213 3902 1290 3944 vero

227 3985 338 4039 noster
351 3997 412 4038 rex
434 3976 525 4039 vobis
540 3975 687 4060 utrisque
708 3976 779 4040 dico
800 4000 897 4062 super
917 3977 968 4042 his
984 3979 1070 4042 diem
1094 3991 1289 4066 praesentem

227 4075 427 4142 coustituit.”
473 4076 565 4140 Tunc
579 4100 640 4141 rex
651 4077 745 4140 vultu
767 4088 893 4142 mutato
909 4079 1096 4166 episcopum
1111 4081 1287 4168 respiciens
1299 4110 1419 4161 nerag.

228 4180 324 4257 dixit,
361 4184 382 4214 “
395 4178 631 4263 Nunquidnam
656 4179 781 4243 litteras
803 4180 860 4244 has
886 4190 925 4243 ut
951 4181 1004 4245 hic
1030 4184 1202 4248 recitatum
1239 4196 1289 4250 est

264 4330 272 4360 ¹
293 4329 445 4384 Frivoloas:
465 4328 518 4382 this
542 4345 588 4381 use
609 4327 639 4382 ol
658 4326 702 4380 the
720 4324 797 4426 ²word
816 4325 839 4378 is
860 4325 966 4407 derived
990 4327 1055 4382 from
1079 4329 1124 4384 the
1136 4331 1200 4386 later
1212 4332 1290 4387 Latin

226 4399 333 4453 writers.
528 4421 532 4425 ·
748 4395 770 4450 1.
785 4413 807 4451 e.
826 4395 952 4451 Mrd-leut
964 4397 1079 4470 Sunday.
