3278 5162
550 550 771 602 nouasrnnn
797 551 849 600 nn·
868 550 991 601 nunno.
1177 513 1183 524 ’
1261 532 1303 602 57

251 697 439 780 capitulum,
463 699 647 762 nullatenus
673 700 741 761 sine
765 697 889 762 abbatis
916 709 1077 784 praecepto
1102 699 1154 762 vel
1175 699 1305 764 licentia

252 809 314 863 eat.
360 799 460 866 Quod
475 800 501 864 si
515 801 599 863 forte
614 801 773 884 presbiter
787 801 822 862 in
845 823 971 882 gravem
992 800 1143 864 ceciderit
1166 801 1304 885 culpam,

252 901 322 985 ipsa
336 905 468 987 propter
482 904 543 967 hoc
558 903 681 988 capella
694 925 759 966 non
781 904 926 980 cessabit,
944 904 999 966 sed
1024 903 1106 966 alius
1126 903 1195 966 vice
1217 903 1306 966 illius

253 1003 429 1067 secundum
465 1004 589 1067 abbatis
622 1004 836 1089 provisionem
870 1004 1146 1080 sumministrabit,
1180 1006 1306 1090 eritque

253 1102 409 1170 confessio
430 1087 538 1169 reatus
561 1117 594 1168 et
618 1102 813 1189 poenitentia
837 1105 1006 1190 presbiteri
1032 1105 1251 1190 delinquentis
1271 1109 1305 1172 in

253 1226 350 1266 manu
372 1206 525 1291 episcopi,
546 1217 579 1270 et
600 1205 802 1269 forisfactura
823 1206 923 1269 sancti
947 1206 1093 1271 Martini.
1139 1207 1306 1292 Synodum

53 1301 60 1309 ’
143 1359 145 1362 .
255 1327 384 1389 quoque
405 1307 491 1370 adire
517 1308 615 1371 abbas
644 1330 702 1371 nec
730 1319 980 1385 summoneatur,
1005 1321 1159 1393 utsupra
1191 1313 1306 1376 confir·

258 1418 380 1471 matum
393 1409 607 1486 meminimus,
623 1432 683 1472 nec
699 1420 841 1492 cogatur.

297 1508 360 1572 His
386 1511 534 1574 omnibus
562 1534 582 1573 a
610 1521 681 1574 toto
704 1511 896 1574 Cicestrensi
912 1511 1055 1595 capitulo
1079 1513 1126 1575 ita
1149 1515 1306 1576 concessis

254 1621 287 1674 et
313 1623 400 1676 carta
422 1635 496 1676 cum
514 1612 687 1698 episcopali
710 1612 903 1676 auctoritate
923 1613 1128 1690 confirmatis,
1153 1614 1306 1700 inhujus

256 1716 304 1778 rei
320 1715 542 1779 testimonium
564 1717 658 1778 datus
680 1725 729 1778 est
743 1715 784 1777 ab
800 1715 917 1778 abbate
943 1727 977 1778 et
996 1715 1159 1779 monachis
1181 1739 1306 1780 monas-

255 1817 329 1879 terii
360 1818 400 1880 de
432 1817 525 1880 Bello
553 1817 657 1880 eidem
689 1816 881 1880 Cicestrensi
905 1816 1047 1880 ecclesiae
1071 1817 1306 1902 liberquid'am

256 1917 463 2002 epistolarum
486 1918 573 1980 beati
594 1917 759 1993 Ieronirni,
784 1940 889 1980 coram
925 1917 1036 1982 multis
1059 1918 1135 1982 hinc
1164 1920 1325 2006 indequev

255 2019 402 2082 testibus.
460 2019 530 2081 Nec
560 2027 668 2082 tamen
706 2018 767 2080 hoc
805 2027 931 2080 tantum
967 2019 1143 2082 venerabili
1180 2023 1308 2089 suffecit

255 2120 405 2204 episcopo
421 2118 575 2196 Radulfo,
592 2119 648 2182 sed
661 2118 762 2201 magis
775 2119 926 2182 affectum
942 2118 1033 2203 (quia
1047 2120 1152 2184 eidem
1166 2125 1308 2206 gratuita

254 2222 357 2306 gratia
371 2221 637 2285 confederabatur
662 2219 805 2284 ecclesiae
825 2221 870 2308 'de
893 2220 999 2304 Bello)
1020 2221 1148 2306 plenius
1173 2224 1307 2290 dilatare

254 2346 447 2409 proponens,
477 2345 550 2386 cum
583 2322 667 2386 forte
696 2321 811 2385 ultima
840 2345 904 2406 qua
932 2321 1010 2385 illuc
1047 2325 1218 2390 advenerat
1240 2329 1308 2392 vice

254 2426 385 2490 hiemali
404 2426 488 2489 festo
510 2424 611 2488 sancti
632 2424 802 2488 interesset
816 2423 963 2502 Martini,
979 2447 1084 2489 coram
1099 2426 1221 2492 clericis
1242 2430 1308 2494 suis

256 2527 447 2617 nominatim
474 2527 617 2590 Henrico
640 2526 873 2604 archidiacone,
900 2526 1035 2590 Carlone
1062 2539 1202 2608 cantore,
1225 2530 1308 2594 Rot-

255 2632 348 2695 berto
385 2632 424 2693 de
455 2628 638 2706 Andevilla,
680 2627 823 2692 Radulfo
850 2628 950 2706 calvo,
981 2638 1015 2692 et
1046 2625 1308 2708 vicinis'multis,

255 2732 497 2815 innumerisque
513 2730 570 2815 qui
585 2730 809 2794 confluxerant
830 2729 1003 2813 promiscui
1018 2751 1115 2794 sexus
1137 2742 1172 2795 et
1188 2733 1309 2816 ordinis

164 2897 167 2906 ,
254 2835 448 2914 hominibus,
463 2835 549 2897 inter
563 2841 761 2896 sacrosancta
773 2831 941 2894 missarum
955 2831 1121 2909 sollennia,
1137 2832 1310 2917 dignitates

257 2949 290 3002 et
315 2938 481 3001 libertates
503 2935 645 3021 ejusdem
678 2932 822 2996 ecclesiae
838 2931 974 3017 ¹publica
997 2955 1073 2996 voce
1102 2935 1309 3000 concionatus

148 3104 152 3109 ,
255 3038 421 3104 testificari
444 3047 477 3101 et
494 3035 667 3120 episcopali
681 3035 872 3098 auctoritate
887 3035 1013 3098 studuit
1027 3035 1232 3127 confirmare3
1247 3037 1309 3102 hoc

176 3130 179 3134 ⁵
242 3142 409 3212 ‚omnibus
425 3138 642 3215 manifestans,
658 3159 691 3198 se
712 3159 771 3198 nec
786 3158 917 3198 suorum
932 3158 1127 3220 quemquam
1150 3161 1310 3204 successo-

255 3266 328 3308 rum
354 3242 471 3305 debere
494 3261 554 3302 nec
585 3260 677 3322 posse
700 3238 818 3300 ibidem
847 3238 1024 3321 imperandi
1047 3239 1098 3301 vel
1126 3241 1309 3304 dominandi

256 3354 313 3408 aut
339 3342 518 3427 cujuspiam
546 3337 755 3423 subjectionis
780 3337 994 3400 calumniandi
1024 3361 1150 3402 causam
1179 3341 1309 3419 habere,
1393 3354 1395 3359 '

257 3455 396 3530 excepto
429 3442 456 3506 si
483 3465 547 3526 qua
581 3441 627 3502 eis
663 3439 890 3523 impendantur
917 3437 1056 3522 benigne
1086 3439 1154 3503 sola
1182 3451 1310 3506 tantum

257 3547 421 3612 caritativa
453 3542 643 3607 exibitione.
704 3540 775 3604 Nec
808 3538 1043 3622 se⁴quicquam
1066 3539 1187 3604 ibidem
1216 3543 1311 3608 aliter

256 3671 348 3735 posse
374 3658 432 3711 ant
460 3645 542 3709 velle
572 3666 615 3707 ex
633 3640 744 3706 debito
763 3641 940 3725 requirere,
964 3641 1025 3705 boc
1046 3642 1113 3706 solo
1140 3654 1310 3710 contentus

257 3751 345 3836 quod
359 3746 760 4023 graQimpendeoetm
783 3743 926 3807 caritate.
974 3743 1047 3808 Hoc
1062 3745 1194 3828 quidem
1210 3748 1310 3813 eccle-

257 3853 313 3916 siae
329 3851 415 3914 Belli
474 3849 610 3934 'scopale
625 3845 846 3911 testimonium
867 3868 908 3908 ne
931 3845 966 3908 in
986 3857 1152 3929 posterum
1167 3849 1311 3914 abolere-

257 3965 322 4030 tur,
339 3952 459 4015 calamo
474 3971 489 4012 c
518 3971 620 4012 arasse
635 3947 716 4010 utile
731 3946 836 4010 visum
851 3955 910 4008 est.

302 4054 391 4122 Quia
404 4075 490 4130 vero,
501 4045 758 4132 ui‘aoraelibatum
774 4057 834 4123 est,
851 4047 999 4131 quaedam
1015 4069 1058 4110 ex
1072 4047 1310 4132 pretiosissimis
1323 4075 1395 4134 nna
1404 4083 1417 4113 a
1427 4086 1473 4114 m

258 4167 437 4224 sanctarum
451 4151 672 4236 reliquiarum,
688 4148 886 4234 philacteriis
900 4147 1179 4226 intercidentibus
1203 4173 1310 4220 causa·
1321 4124 1422 4224 {iffi
1431 4124 1454 4164 ⁰⁶

257 4281 329 4323 rum
343 4253 532 4320 infortuniis
545 4261 677 4336 argento
696 4271 840 4334 auroque
864 4249 1028 4334 expoliata
1050 4250 1237 4329 extiterant,
1260 4275 1310 4316 re·
1322 4223 1392 4264 Μ’

257 4360 434 4445 liquiaeque
450 4364 632 4421 sanctorum
648 4351 894 4437 quamplurimae
903 4375 944 4416 ex
955 4351 1043 4437 ipsis,
1056 4353 1107 4416 vel
1122 4354 1207 4418 unde
1224 4356 1309 4418 unde
