3240 5154
662 511 861 566 APPENDIX.

685 661 687 666 ’
710 685 793 750 vu.

236 825 352 888 Litora
371 821 518 907 Stipcadi
530 821 695 918 *Episcopi
712 819 872 883 Cicestra'oe
897 819 935 882 de
959 820 1155 882 immanitate
1180 841 1200 881 a
1220 820 1291 882 aab·

216 1016 221 1024 ⁴
249 925 388 1009 jectione
401 923 556 1007 Episcopi
572 921 965 1007 cicestrie-Rapinium
979 920 1018 984 de
1032 920 1137 998 Bello,
1146 943 1179 1006 p.
1195 923 1267 986 158.

279 1076 351 1160 Ego
373 1073 548 1159 Stigandus
563 1072 729 1138 Cicestriae
750 1072 893 1137 ecclesiae
914 1071 1094 1158 episcopus,
1109 1094 1241 1136 assensu
1255 1081 1301 1159 et¹

114 1213 116 1217 Α
236 1177 400 1242 voluntate
416 1175 561 1255 omnium
576 1174 801 1239 canonicorum
823 1196 980 1252 meorum,
1005 1173 1158 1239 confirmo
1182 1193 1292 1237 omnes

238 1277 410 1362 dignitates
430 1287 465 1340 et
478 1275 653 1355 libertates,
672 1285 738 1340 tam
761 1274 989 1341 ecclesiasticas
1004 1298 1102 1361 quam
1122 1276 1291 1353 seculares,

238 1400 447 1464 quascunque
460 1399 521 1441 rex
536 1376 735 1442 Willielmus
749 1377 901 1442 fundator
917 1377 1060 1465 ecclesiae
1077 1377 1188 1442 Sancti
1202 1376 1293 1442 Mar·

141 1464 149 1478 .
236 1481 298 1546 tini
322 1482 362 1545 de
387 1478 480 1544 Bello
499 1479 603 1542 eidem
618 1479 761 1543 ecclesiae
780 1479 946 1556 concessit,
964 1488 999 1543 et
1013 1479 1109 1543 cartis
1132 1479 1198 1542 suis
1217 1501 1293 1543 con-

237 1583 386 1647 firmavit.
441 1580 590 1643 Concedo
617 1580 714 1644 etiam
740 1590 779 1643 ut
805 1581 833 1644 si
858 1580 1022 1664 provincia
1043 1579 1100 1643 illa
1121 1579 1294 1665 episcopali

239 1682 400 1748 sententia
428 1703 488 1766 pro
512 1680 679 1764 aliquare
703 1681 875 1746 interdicta
897 1681 998 1745 fuerit
1025 1681 1159 1747 ecclesia
1184 1681 1294 1746 Sancti

240 1783 378 1848 Martini
392 1784 432 1847 de
448 1782 542 1847 Bello
556 1804 622 1846 non
633 1783 780 1862 cessabit,
796 1784 853 1847 sed
868 1783 896 1847 si
909 1783 995 1847 infra
1007 1783 1126 1848 factam
1140 1783 1294 1848 interdic·

238 1885 361 1950 tionem
381 1885 498 1970 aliquis
519 1885 685 1970 praedictae
710 1885 852 1950 ecclesiae
872 1885 973 1949 frater
995 1895 1054 1949 aut
1076 1908 1165 1950 soror
1189 1896 1293 1950 morte

238 1997 411 2074 preventus
425 1987 460 2051 in
473 1985 638 2072 provincia
652 1987 781 2072 sepeliri
794 2010 861 2052 non
875 1986 989 2073 possit,
1004 1987 1161 2072 requisita
1174 2009 1294 2051 memo-

238 2098 308 2152 rata
327 2087 461 2152 ecclesia
485 2086 596 2151 Sancti
613 2086 762 2167 Martini,
783 2087 950 2152 licentiam
973 2087 1151 2174 sepeliendi
1172 2089 1294 2174 absque

238 2189 326 2252 omni
346 2187 528 2274 calumpnia
548 2188 721 2273 episcopali
736 2189 863 2266 habeat,
884 2189 947 2252 nisi
962 2190 1047 2253 forte
1062 2189 1090 2252 is
1106 2189 1164 2273 qui
1179 2189 1295 2274 sepeli-

238 2291 413 2362 endusest
433 2289 669 2354 interdictionis
691 2289 791 2353 hierit
813 2313 918 2354 causa.
962 2290 1080 2376 Sitque
1102 2292 1201 2355 abbas
1226 2313 1294 2354 suae
1374 2307 1390 2377 Ι·

238 2390 382 2456 ecclesiae
398 2400 431 2455 et
445 2390 551 2475 leugae
566 2391 822 2476 circumjacentis
832 2392 938 2480 judex
953 2401 987 2456 ct
1001 2393 1168 2473 dominus,
1192 2394 1234 2457 ad
1244 2413 1295 2477 sy-

238 2493 359 2557 nodum
380 2515 457 2556 vero
484 2493 582 2556 abbas
607 2515 673 2556 non
696 2504 948 2573 summoneatur,
969 2511 1076 2578 neque
1096 2495 1128 2560 vi
1151 2505 1295 2579 cogatur,

239 2596 296 2658 sed
310 2594 337 2657 si
352 2594 566 2658 forisfacturae
580 2593 833 2660 Christianitatis
847 2596 984 2680 alicujus
1007 2598 1054 2660 rei
1069 2597 1154 2660 infra
1168 2598 1296 2682 leugam

239 2697 445 2782 contigerint,
465 2721 571 2762 coram
592 2699 709 2763 abbate
732 2698 929 2763 diffiniendae
951 2700 1143 2778 referantur,
1164 2702 1297 2765 habeat-

240 2823 305 2885 que
320 2799 455 2864 ecclesia
472 2799 506 2864 S.
524 2799 661 2864 Martini
681 2801 938 2866 emendationem
953 2801 1178 2879 forisfacturae,
1191 2803 1297 2886 poeni-

240 2902 376 2966 tentiam
390 2925 466 2967 vero
481 2900 592 2969 delicti
606 2902 654 2966 rei
669 2902 709 2966 ab
725 2901 876 2988 episcopo
890 2903 1078 2988 percipiant.
1119 2903 1297 2988 Liceatque

240 3004 343 3091 ipsius
365 3003 509 3068 ecclesiae
531 3005 641 3069 abbati
662 3005 713 3068 vel
734 3006 898 3070 monachis
920 3006 987 3071 suis
1009 3029 1028 3071 a
1045 3005 1194 3092 quolibet
1214 3007 1300 3092 epis-

241 3128 323 3190 copo
349 3105 407 3169 ubi
428 3105 603 3184 voluerint,
630 3106 682 3169 vel
703 3107 762 3169 ubi
784 3108 977 3192 oportunius
1000 3108 1111 3186 fuerit,
1132 3103 1182 3172 ad
1195 3131 1300 3173 sacros

239 3206 368 3270 ordines
389 3207 572 3292 promoveri
587 3206 703 3286 facere,
718 3209 841 3292 absque
864 3210 932 3273 ulla
953 3209 1137 3296 calumpnia
1150 3210 1202 3286 vel
1223 3232 1299 3273 con-

240 3307 431 3372 tradictione
452 3308 597 3372 ecclesiae
611 3308 788 3393 Cicestriae3
816 3310 1041 3375 ordinationes
1063 3334 1206 3396 quoque,
1223 3334 1299 3375 con-

239 3408 436 3473 firmationes
451 3410 613 3490 altarium,
629 3412 883 3476 consecrationes
905 3435 1066 3478 sacrormn
1087 3435 1235 3477 vasorum
1249 3413 1301 3477 vel

239 3510 386 3588 vestium,
410 3511 606 3597 episcopales
636 3514 889 3593 benedictiones,
915 3515 950 3578 in
973 3515 1047 3600 ipso
1079 3514 1151 3578 loco
1173 3515 1301 3580 abbatis

238 3611 288 3675 vel
310 3613 540 3678 monachorum
561 3615 773 3700 requisitione
797 3640 817 3680 a
840 3617 989 3701 quolibet
1010 3617 1161 3703 episcopo
1190 3618 1261 3681 fieri
1283 3642 1302 3682 a

238 3713 329 3778 nullo
350 3715 593 3799 prohibeantur.
639 3717 727 3781 Illud
748 3718 846 3783 etiam
861 3719 1097 3784 successoribus
1116 3720 1197 3783 meis
1218 3721 1302 3806 epis-

238 3815 327 3899 copis
349 3825 464 3880 notum
491 3817 544 3896 sit,
572 3819 660 3902 quod
684 3843 750 3885 non
772 3821 912 3886 debeant
940 3823 974 3885 in
1003 3821 1128 3907 prefata
1154 3822 1301 3886 ecclesia-

238 3917 331 3998 quasi
347 3919 422 4002 jure
442 3922 723 3987 consuetudinario
749 3924 860 3986 missas
881 3923 1052 4001 celebrare,
1069 3923 1132 3986 nisi
1147 3924 1188 3986 ab
1203 3924 1302 3987 abba-

238 4017 326 4079 tibus
348 4019 401 4082 vel
418 4013 573 4085 fratribus
592 4023 716 4088 fuerint
735 4025 898 4109 requisiti,
922 4047 982 4088 nec
1006 4023 1128 4087 ibidem
1151 4025 1302 4114 benedip-

238 4118 343 4182 tiones
360 4121 412 4184 vel
432 4122 650 4189 ordinationes
669 4126 774 4190 facere
797 4150 904 4212 neque
928 4127 1112 4192 cathedram
1132 4126 1299 4206 collocare,

237 4242 297 4284 nec
317 4221 352 4284 in
372 4223 523 4288 maneriis
544 4226 585 4288 ad
600 4227 784 4294 abbathiam
800 4229 1039 4315 pertinentibus
1053 4240 1173 4316 praeter
1186 4229 1300 4293 volun-

240 4331 341 4387 tatem
356 4324 484 4388 abbatis
498 4325 664 4412 hospitari.
680 4374 690 4394 .
706 4375 715 4394 .
733 4377 742 4392 .
1072 4325 1074 4329 ¹
