3278 5162
554 583 774 636 Monrsraan
801 585 849 636 DE
871 583 995 636 sarto.
1250 572 1292 632 51'

234 733 386 817 jectionis
400 734 601 820 calumpnia3
629 737 718 819 quod
738 760 812 800 cum
826 737 986 802 renuisset
1008 737 1043 799 in
1058 736 1292 799 monimentum

239 834 398 898 libertatis
412 835 516 920 ipsius
530 837 675 900 ecclesiae
690 838 731 900 de
746 837 852 916 Bello,
867 839 1021 924 quatinus
1034 839 1110 901 hinc
1124 838 1159 900 in
1178 860 1293 922 perpe·

238 945 334 998 tuum
348 938 452 1000 omnis
467 937 604 1022 Majoris
620 939 813 1003 Monasterii
826 941 1063 1004 obmutesceret
1079 939 1291 1024 querimonia,

238 1037 323 1101 sicut
337 1061 356 1100 a
371 1037 530 1102 dominica
543 1040 627 1124 regis
641 1041 773 1126 capella,
789 1041 852 1127 ipsi
866 1042 1007 1106 ecclesiae
1023 1040 1160 1126 Majoris
1171 1039 1294 1104 scilicet

241 1138 434 1202 Monasterii
454 1141 544 1224 regia
575 1142 714 1206 contulit
743 1143 991 1227 magnificentia,
1021 1144 1056 1206 in
1086 1142 1291 1218 Devenesira,

240 1243 400 1324 quoddam
414 1243 593 1306 manerium
609 1243 698 1327 quod
707 1243 909 1308 Torvertuna
920 1245 1063 1322 dicitur,¹
1079 1254 1112 1308 et
1127 1244 1292 1308 ecclesiam

239 1343 273 1405 in
288 1343 457 1407 Wiltesira
470 1345 510 1408 de
530 1345 673 1408 manerio
697 1347 736 1410 de
753 1345 925 1424 Chosham,
941 1346 1051 1429 sicque
1066 1345 1202 1431 hujusce
1218 1368 1293 1409 cau-

238 1444 319 1507 satio
349 1456 482 1510 eatenus
509 1445 608 1510 finem
638 1447 751 1510 sortita
773 1449 942 1512 conticuit.
988 1447 1052 1510 His
1077 1469 1208 1530 quoque
1234 1468 1294 1530 pro

238 1557 313 1610 voto
338 1547 489 1626 definitis,
505 1549 654 1612 dominus
670 1549 866 1613 Gausfridus
891 1571 965 1612 cum
980 1548 1078 1632 regiae
1092 1547 1293 1612 auctoritatis

241 1649 482 1712 confirmatione
511 1650 641 1714 domum
671 1672 834 1734 regressus
863 1651 934 1714 haec
969 1649 1124 1713 fiatribus
1153 1649 1295 1733 gratula-

240 1749 349 1812 bunde
367 1751 530 1835 exposuit,
553 1751 694 1836 hincque
717 1763 756 1815 ut
777 1763 920 1837 coeperat
936 1738 1075 1836 impiger
1093 1752 1207 1815 domus
1229 1749 1294 1813 Dei

240 1852 412 1914 commodis
427 1852 533 1915 animo
548 1853 726 1918 insistebat.

284 1949 389 2034 Igitur
400 1975 474 2016 cum
487 1953 679 2017 multimodo
688 1955 847 2018 virtutum
862 1955 969 2018 studio
984 1953 1153 2037 invigilans
1162 1955 1293 2017 domum
1304 1983 1373 2023 nean
1381 1981 1404 2042 9f

240 2054 415 2118 desolatam
430 2054 578 2118 dominus
595 2055 789 2120 Gausfridus
803 2066 1022 2132 restaurasset,
1037 2057 1176 2118 necdum
1196 2057 1292 2120 tertio
1304 2033 1434 2134 iiiii&

240 2165 412 2239 postquam
426 2155 598 2220 advenerat
612 2157 742 2220 evoluto
755 2179 850 2234 anno,
865 2157 948 2222 heu!
962 2157 1037 2220 hinc
1056 2157 1216 2221 inmature
1232 2158 1294 2221 tol-

241 2257 330 2335 litur,
346 2267 444 2342 atque
458 2268 583 2322 natura
605 2259 722 2322 cedens
732 2259 812 2344 juri,
836 2259 917 2322 xvii.
932 2259 1084 2322 kalendas
1098 2258 1119 2320 J
1120 2259 1189 2322 unii
1210 2279 1294 2344 praa*

240 2359 322 2422 senti
337 2358 413 2423 vitae
428 2359 526 2422 finem
540 2359 628 2423 fecit.
663 2360 765 2446 Cujus
780 2383 895 2444 corpus
910 2383 984 2423 curn
997 2359 1139 2424 maximo
1155 2383 1294 2424 moerore

240 2460 275 2523 in
290 2459 433 2544 capitulo
444 2462 542 2546 juxta
557 2462 706 2524 abbatem
723 2461 904 2526 Henricum
918 2463 957 2525 ad
973 2463 1086 2526 laevam
1101 2484 1119 2524 a
1139 2461 1294 2528 fratribus

239 2563 407 2625 humatum
430 2563 576 2646 quiescit.
623 2563 740 2647 Itaque
763 2575 829 2626 tam
855 2563 959 2647 sagaci
983 2563 1117 2626 ecclesia
1142 2564 1182 2626 de
1199 2563 1293 2628 Bello

239 2663 370 2726 viduata
400 2673 617 2747 procuratore,
644 2665 679 2726 in
708 2687 773 2748 quo
798 2665 1001 2748 paternitatis
1029 2687 1123 2727 verus
1148 2665 1294 2748 viguerat

240 2765 384 2840 affectus,
407 2765 448 2828 ad
463 2765 608 2850 ejusdem
623 2765 767 2830 ecclesiae
782 2789 891 2831 curam
906 2789 948 2828 ex
963 2765 1048 2849 regis
1067 2787 1197 2830 assensu
1213 2765 1294 2829 Tor-

241 2865 379 2929 neiensis
403 2865 513 2944 abbas,
536 2868 622 2930 unde
646 2889 744 2951 supra
762 2867 979 2944 meminimus,
996 2867 1144 2931 dominus
1164 2869 1294 2931 advenit

242 2967 419 3044 Gunterus,
444 2979 543 3052 atque
566 2991 625 3052 per
648 2991 723 3032 suos
743 2969 857 3032 domus
876 2969 1102 3052 procuratione
1127 2968 1291 3053 disposita,

238 3069 279 3132 ad
292 3070 454 3154 propriam
468 3070 567 3133 rediit
590 3071 763 3146 abbatiam,
786 3081 972 3133 remanente
994 3073 1134 3154 quodam
1149 3071 1294 3134 Radulfo

240 3173 335 3234 modo
358 3169 461 3255 ipsius
485 3183 604 3255 nepote
629 3171 716 3255 apud
731 3171 891 3234 Bellicum
904 3172 1134 3235 monasterium
1149 3183 1292 3256 tempore

240 3273 418 3356 aliquanto·
465 3271 542 3338 Quo
556 3273 763 3355 postmodum
778 3272 971 3356 quibusdam
987 3273 1205 3336 simultatibus
1219 3296 1293 3336 cum

240 3373 328 3437 omni
348 3372 497 3457 praedicti
511 3373 635 3436 abbatis
649 3381 809 3457 potestate
824 3373 959 3451 secluso,
983 3375 1112 3440 demum
1127 3395 1203 3458 rege
1218 3397 1293 3458 pro*

238 3476 318 3560 priis
352 3484 577 3561 praeoccupato
604 3473 755 3559 negotiis,
779 3473 880 3538 totius
910 3474 1043 3538 Bellicae
1073 3497 1150 3538 cura
1178 3477 1292 3539 domus

238 3579 466 3642 monachorum
491 3577 694 3662 dispositioni
717 3578 858 3654 subacta,
882 3577 984 3642 multa
1007 3601 1064 3662 per
1090 3577 1292 3662 aliquantum

239 3681 392 3764 temporis
406 3679 641 3766 pervehebatur
655 3679 822 3743 industria.

282 3781 381 3846 Anno
394 3805 471 3846 vero
485 3780 603 3851 divinae
618 3780 855 3846 humanationis
870 3781 919 3846 M.
932 3805 959 3847 c.
975 3782 1030 3845 vii.
1047 3803 1107 3845 rex
1115 3781 1289 3861 Henricus,
1302 3803 1446 3889 qbqngh

239 3894 431 3967 congregato
446 3883 619 3947 universali
633 3884 780 3961 concilio,
794 3907 867 3947 curn
882 3884 993 3947 multis
1008 3882 1128 3946 orbatis
1148 3881 1290 3947 ecclesiis
1418 3861 1431 3900 p
1449 3877 1453 3886 ’

239 3993 382 4068 pastores
406 3985 580 4048 secundum
596 4007 732 4048 canones
757 3985 946 4068 delegasset,
962 3985 1048 4047 inter
1062 3984 1202 4067 reliquas
1216 4007 1290 4069 pro-

238 4086 319 4170 priae
335 4085 467 4170 capellae
494 4105 562 4148 suae
586 4086 626 4148 de
642 4085 735 4148 Bello
749 4107 816 4148 non
829 4085 1006 4160 immemor,
1032 4084 1192 4166 quendam
1217 4107 1290 4148 suo-

240 4209 312 4251 rum
349 4186 485 4250 consilio
518 4185 674 4250 asciscens
713 4185 943 4249 Cadomensem
983 4185 1176 4249 monachum
1216 4187 1291 4250 reli-

345 4385 352 4416 ¹
363 4385 411 4436 See
423 4383 468 4436 the
485 4382 586 4436 charter
597 4383 627 4436 of
636 4383 704 4436 Hen.
716 4381 753 4436 ΙΙ.
766 4383 793 4434 in
806 4381 849 4435 the
862 4381 1034 4453 Monasticon,
1046 4383 1081 4436 vi.
1100 4385 1176 4440 1097.

1135 4505 1151 4539 r
1170 4493 1187 4542 2
