3240 5154
519 548 742 600 uonssraan
769 549 818 598 na
844 548 969 599 erano.
1202 528 1265 604 173

209 697 267 762 tris
291 699 457 783 saepedicti
480 699 661 778 Godefridi,
684 701 770 766 nolle
796 701 968 766 incurrere.
993 697 1124 764 Abbate
1152 699 1187 762 in
1211 721 1266 763 an·
1279 723 1422 775 repemina

210 801 318 883 gustia
346 801 463 886 posito,
499 805 658 887 persuasit
692 805 723 867 ei
761 804 904 889 quidam,
941 813 980 866 ut
1015 825 1088 866 cum
1125 802 1266 886 quodam
1277 776 1431 884 illillllle

209 903 326 966 clerico
351 904 432 989 legis
451 905 570 989 perito,
594 906 743 990 quicum
762 906 869 990 legato
891 906 929 970 de
951 905 1047 969 Italia
1066 915 1198 970 venerat
1217 905 1265 968 lo·
1278 873 1406 976 liffeim

212 1014 377 1088 queretur,
399 1007 509 1092 sicque
525 1029 599 1071 eum
616 1031 654 1073 eo
673 1017 793 1092 ageret,
817 1018 857 1072 ut
874 1028 979 1072 causae
1000 1027 1069 1072 suae
1093 1007 1270 1092 susciperet

212 1107 464 1188 advocationem,
495 1109 572 1195 quia
593 1119 751 1174 terrarum
776 1110 898 1175 domini
921 1109 1006 1195 regis
1032 1132 1092 1176 nec
1117 1109 1270 1194 indigena

213 1232 272 1272 nec
287 1210 402 1289 incola,
418 1234 476 1275 nec
491 1211 648 1276 beneficio
662 1234 719 1276 seu
734 1212 846 1297 quavis
861 1212 1081 1276 familiaritate
1097 1211 1270 1296 Cisalpinis

213 1311 385 1390 obnoxius,
401 1335 466 1376 non
480 1335 600 1397 regem,
611 1335 676 1376 non
691 1313 883 1398 principem,
899 1337 965 1378 non
980 1314 1270 1399 archiepiscopum,

212 1435 277 1476 non
297 1413 494 1499 episcopum,
517 1437 583 1479 non
599 1415 780 1498 quamlibet
794 1416 1040 1480 ecclesiasticam
1055 1415 1270 1479 secularemve

212 1517 303 1600 regni
321 1539 491 1602 personam
513 1518 548 1580 in
574 1517 720 1600 qualibet
745 1519 952 1582 advocatione
974 1519 1156 1582 verebatur.
1202 1517 1272 1581 Ad-

213 1618 339 1702 quievit
353 1620 451 1682 abbas
465 1619 684 1704 persuadenti,
706 1619 923 1705 clericumque
938 1621 1129 1685 conveniens
1145 1641 1272 1683 causam

214 1743 305 1784 suam
328 1721 390 1783 sibi
414 1721 579 1805 exposuit,
607 1723 701 1808 cujus
715 1723 956 1788 advocationem
971 1723 1107 1787 clericus
1127 1721 1271 1806 suscepit

216 1824 257 1887 ab
273 1823 389 1887 abbate
403 1845 541 1888 marcam
556 1823 680 1909 argenti
694 1834 894 1910 recepturus,
939 1825 961 1890 J
962 1849 1013 1888 am
1027 1846 1158 1888 securus
1174 1824 1271 1887 abbas

216 1947 284 1988 sese
297 1925 420 2009 recepit
433 1925 585 2010 hospitio,
600 1927 691 1990 litem
705 1927 906 2012 ingressurus
920 1927 956 1992 in
971 1927 1120 1991 crastino.
1165 1923 1271 1988 Nocte

217 2027 463 2110 superveniente
492 2050 566 2091 cum
590 2029 660 2113 jam
685 2028 764 2092 hora
788 2029 909 2113 quietis
934 2029 1078 2106 instaret,
1109 2027 1273 2091 affuerunt

217 2129 350 2214 quidam
365 2151 383 2192 a
397 2129 553 2215 praedicto
567 2129 684 2194 clerico
699 2131 739 2194 ad
763 2131 914 2194 abbatem
928 2129 1116 2207 transmissi,
1142 2127 1272 2193 manda-

217 2244 288 2295 tum
316 2231 417 2317 ipsius
443 2232 553 2296 abbati
580 2232 653 2296 viva
680 2255 757 2297 voce
795 2244 1006 2318 exponentes,
1035 2233 1122 2317 quod
1151 2231 1432 2342 scilicetpprcqmlgvpr⁴

216 2355 355 2412 causam,
380 2357 479 2420 super
501 2334 675 2421 quainter
697 2358 751 2400 eos
776 2347 979 2414 convenerat,
1005 2335 1273 2420 foverenon'po-
1360 2355 1363 2361 ·
1406 2325 1411 2339 ⁸

217 2445 310 2512 terat,
336 2436 413 2520 quia
433 2437 555 2500 domini
574 2437 658 2520 regis
680 2445 713 2500 et
733 2448 919 2522 magnatum
941 2448 1035 2502 terrae
1057 2436 1273 2522 indignationi

216 2538 382 2622 subjacere
409 2537 550 2602 nolebat.
596 2537 660 2601 His
675 2538 806 2616 auditis,
832 2539 1022 2622 nuntiisque
1038 2538 1096 2624 qui
1117 2549 1273 2606 venerant

217 2639 368 2717 dimissis
390 2640 458 2725 jam
481 2638 569 2702 omni
591 2661 648 2724 spe
664 2639 890 2704 consolationis
905 2641 1037 2717 succisa,
1058 2640 1207 2704 anxiatus
1226 2655 1275 2704 est

212 2740 253 2803 'in
266 2742 384 2805 abbate
398 2741 531 2826 spiritus
547 2733 628 2827 ejus,
643 2741 695 2805 sui
710 2764 840 2827 quoque
855 2741 1033 2828 plurimum
1047 2741 1274 2806 anxiebantur.

220 2843 267 2908 Et
287 2845 558 2929 quemadmodum
580 2843 666 2908 inter
687 2855 815 2909 maestos
831 2845 914 2910 solet
928 2845 1118 2930 frequenter
1132 2844 1274 2908 accidere
1287 2917 1290 2922 ¹

217 2947 274 3031 qui
289 2970 364 3010 cum
378 2946 609 3012 maestitudinis
628 2968 695 3012 suae
710 2947 890 3012 remedium
904 2971 970 3012 non
984 2948 1135 3025 babeant,
1151 2947 1274 3032 aliquid

217 3071 303 3132 saepe
328 3049 508 3132 loquuntur
531 3059 589 3113 aut
610 3049 745 3128 faciunt,
768 3073 827 3136 per
850 3052 939 3135 quod
965 3049 1180 3115 maestitudini
1207 3070 1275 3114 suae

215 3149 354 3234 amplius
378 3149 524 3215 adiciunt
546 3150 590 3212 sic
617 3173 702 3213 unus
727 3174 837 3214 eorum
864 3153 921 3236 qui
947 3175 1020 3216 cum
1039 3153 1156 3216 abbate
1172 3163 1279 3230 erant,

218 3252 420 3338 propinquus
436 3251 466 3314 ei
482 3261 515 3314 et
530 3251 655 3316 caeteris
669 3251 868 3330 familiarior,
884 3253 926 3317 ad
940 3254 1090 3317 abbatem
1105 3275 1276 3332 conversus

218 3355 318 3418 dixit:
333 3359 354 3390 “
368 3353 405 3417 Si
415 3353 496 3418 mihi
505 3353 632 3417 domine
649 3355 841 3438 caeterisque
855 3354 982 3438 quivos
997 3355 1191 3439 contingunt
1202 3377 1276 3438 pro-

218 3457 361 3544 pinquis,
383 3456 542 3542 impensas
561 3456 757 3520 sufficientes
781 3455 1011 3534 contulissetis,
1035 3456 1155 3540 quibus
1177 3455 1277 3522 scolas

218 3561 425 3645 frequentare
445 3581 621 3646 possemus,
643 3558 678 3622 in
691 3557 762 3642 lege
778 3567 813 3622 et
828 3558 964 3624 decretis
975 3559 1169 3645 jampridem
1184 3581 1277 3624 exer-

218 3662 320 3742 citati,
343 3661 434 3728 vobis
454 3661 489 3726 in
508 3660 644 3726 instanti
659 3670 693 3725 et
707 3660 742 3724 in
756 3660 829 3725 aliis
844 3661 1091 3726 necessitatibus
1110 3684 1277 3746 possemus

219 3789 287 3830 esse
310 3765 471 3851 praesidio.
517 3764 615 3828 Nune
640 3786 715 3828 vero
740 3762 774 3826 in
800 3763 967 3849 scripturis
980 3763 1071 3828 bruti
1086 3773 1119 3826 et
1132 3764 1276 3839 hebetes

219 3867 345 3932 anobis
360 3867 439 3952 ipsis
453 3865 622 3930 consilium
636 3887 702 3928 non
715 3865 881 3942 habemus,
897 3887 957 3928 nec
973 3866 1013 3928 ab
1029 3864 1099 3928 aliis
1118 3887 1212 3948 prece
1227 3864 1278 3927 vel

219 3969 324 4055 pretio
351 3966 504 4052 consequi
529 3966 702 4030 valemus.”
747 3965 802 4029 Ad
828 3965 899 4029 haec
924 3965 1034 4043 abbas,
1060 3968 1081 4000 “
1097 3964 1170 4028 Jarn
1195 3965 1279 4042 me,’'

218 4071 338 4156 inquit,
362 4074 384 4105 “
398 4069 466 4132 fere
491 4067 643 4153 poenitet,
667 4066 756 4151 quod
780 4066 889 4131 studio
913 4067 1024 4151 legum
1047 4065 1190 4130 animum
1212 4090 1278 4130 uon

218 4167 454 4257 apposuerim.”
499 4165 660 4230 Omnibus
683 4165 741 4249 qui
763 4164 897 4228 aderant
911 4175 983 4228 tum
1006 4187 1049 4228 ex
1068 4173 1194 4228 naturae
1221 4187 1280 4228 ne-v

219 4273 377 4350 cessitate,
405 4280 476 4334 tum
501 4291 545 4332 ex
571 4277 730 4331 nocturna
755 4267 991 4330 consuetudine
1021 4265 1275 4350 quiescentibus,

219 4377 317 4442 abbas
337 4395 451 4460 parum
473 4380 531 4436 aut
550 4367 633 4432 nihil
652 4389 825 4452 repausans
840 4378 967 4434 noctem
984 4379 1086 4434 totam
1100 4379 1158 4433 aut
1172 4369 1276 4433 noctis
