3278 5162
549 548 770 602 nouasraan
796 549 844 600 na
867 543 989 600 aaran
1104 555 1109 562 ·
1259 531 1302 594 93

249 706 315 770 lata
341 713 427 780 sunt,
453 724 532 788 pace
559 710 666 766 vestra
690 699 899 784 ommiumque
924 697 977 762 hic
1007 708 1045 763 ut
1076 717 1306 784 proposueram

249 806 499 872 consistentium
522 827 575 868 me
600 814 691 867 ratus
711 824 782 866 sum
804 823 979 888 perorasse.
1024 801 1114 869 Quia
1127 823 1204 865 vero
1224 823 1309 865 ame

250 909 397 994 incoepta
421 931 488 972 non
509 907 649 994 placent,
676 904 800 970 omissis
825 905 876 969 his
897 927 965 968 rem
985 904 1183 990 propositam
1197 905 1310 990 paucis

251 1011 435 1098 expediam.

296 1113 365 1178 “A
389 1098 534 1198 piissimo
559 1133 634 1196 rege
651 1109 816 1195 Stephano
831 1109 975 1174 ecclesiae
989 1108 1155 1174 Cicestriae
1174 1108 1310 1174 antistes

253 1217 356 1294 datus,
385 1213 592 1279 cantuariam
608 1213 774 1298 profectus
789 1235 871 1292 sum,
892 1235 911 1276 a
930 1211 1106 1276 venerabili
1122 1211 1310 1276 Teodbaldo

253 1318 397 1402 ejusdem
418 1315 482 1380 loci
502 1314 753 1400 archiepiscopo,
774 1324 814 1379 ut
828 1315 1019 1379 canonicum
1040 1323 1101 1394 est,
1127 1315 1310 1379 sacrandus.

253 1419 304 1484 lbi
320 1418 415 1484 affuit
429 1427 463 1482 et
477 1418 575 1482 abbas
590 1417 630 1481 de
645 1417 750 1494 Belle,
772 1417 876 1481 sciens
890 1417 952 1482 hoc
971 1419 1099 1504 justum
1122 1439 1191 1480 esse
1212 1427 1247 1481 et
1261 1439 1313 1480 ca-

252 1521 416 1600 nonicum,
446 1521 488 1585 ad
512 1520 723 1584 sacrationem
749 1519 871 1583 scilicet
901 1519 952 1583 sui
980 1519 1135 1604 episcopi,
1158 1519 1194 1582 in
1218 1521 1312 1605 cujus

253 1624 372 1688 diocesi
397 1645 526 1687 manere
552 1622 741 1700 dinoscitur,
768 1622 949 1686 convenire.
994 1621 1087 1686 Fecit
1109 1621 1210 1706 igitur
1225 1623 1314 1706 quod

253 1727 378 1791 debuit.
424 1725 587 1790 Reversus
602 1747 679 1790 vero
693 1726 734 1789 ad
748 1726 856 1790 sedem
870 1746 975 1788 meam
991 1723 1167 1803 Cicestriae,
1189 1724 1313 1788 ibidem

254 1829 352 1893 abbas
375 1827 463 1892 idem
477 1827 638 1906 convenit,
654 1837 689 1892 et
703 1849 778 1892 cum
792 1827 863 1891 aliis
876 1827 991 1892 festive
1005 1827 1170 1907 inductus,
1186 1827 1221 1892 in
1237 1828 1313 1892 sede

254 1931 387 2016 propria
413 1931 454 1994 ab
483 1930 607 2009 eodem,
634 1929 719 1995 sicut
744 1931 869 2015 ubique
893 1931 1137 1994 consuetudinis
1162 1931 1312 2009 habetur,

256 2055 329 2096 sum
343 2031 528 2096 collocatus.
574 2031 666 2096 Idem
689 2031 786 2096 etiam
805 2033 841 2096 in
861 2032 920 2097 illo
935 2033 1113 2118 eodemque
1128 2055 1212 2096 anno
1228 2055 1315 2097 sum·

256 2133 399 2198 monitus
415 2132 602 2199 cicestriam
624 2135 732 2220 petiit,
747 2135 928 2220 festiveque
950 2135 1125 2214 inductus,l
1141 2135 1177 2198 in
1192 2135 1315 2220 synodo

213 2253 215 2256 “
256 2258 331 2301 cum
345 2235 417 2300 aliis
431 2247 595 2322 praecepta
609 2237 925 2323 consuetudinesque
941 2237 1055 2322 synodi
1064 2237 1209 2302 consedit
1224 2237 1316 2302 audi·

257 2349 361 2404 turus.
407 2337 510 2402 Haud
531 2338 628 2424 longo
652 2341 859 2425 postmodum
882 2350 1038 2425 tempore,
1063 2351 1102 2404 ut
1125 2339 1317 2404 canonicum

257 2451 316 2521 est,
332 2440 534 2528 parrochiam
548 2463 653 2506 meam
667 2441 859 2506 circumiens
871 2441 1001 2506 Bellum
1016 2442 1143 2520 deveni,
1156 2452 1255 2528 atque
1272 2442 1314 2506 ab

257 2546 370 2610 eodem
384 2543 500 2609 abbate
526 2554 561 2608 et
584 2545 733 2609 omnibus
759 2545 914 2609 fratribus
933 2545 997 2608 loci
1020 2546 1165 2630 ejusdem
1182 2544 1315 2610 honori-

257 2647 318 2710 fice
341 2646 504 2724 inductus,
529 2645 614 2710 siout
632 2646 696 2711 loci
711 2646 800 2712 illius
814 2646 964 2732 proprius
979 2656 1013 2711 et
1027 2647 1174 2729 specialis
1188 2648 1314 2733 episco-

258 2771 331 2834 pua,
367 2747 646 2834 processionaliter
674 2759 825 2834 receptus
853 2771 934 2812 sum.
989 2747 1070 2813 Inde
1100 2771 1174 2812 cum
1202 2751 1315 2814 eodem

259 2849 439 2934 capitulum
461 2849 595 2928 intrans,
619 2851 754 2915 verbum
778 2849 843 2914 Dei
868 2850 931 2914 loci
956 2849 1045 2916 illius
1059 2851 1211 2916 fratribus
1231 2853 1316 2916 sicut

259 2952 335 3017 filiis
362 2951 526 3030 seminavi,
551 2961 585 3017 et
609 2962 648 3018 ut
669 2964 795 3038 patrem
820 2954 914 3018 decet
926 2953 1011 3018 filios
1031 2953 1066 3018 in
1079 2954 1144 3018 fide
1159 2954 1318 3019 catholica

259 3054 453 3119 confirmavi.
499 3051 588 3119 Hinc
610 3055 652 3119 ad
672 3054 850 3142 hospitium
879 3055 1048 3135 deductus,
1074 3056 1250 3121 honorifice
1279 3067 1319 3121 ut

261 3157 396 3221 decebat
410 3155 495 3220 sicut
508 3178 567 3219 suo
583 3157 734 3242 episcopo
747 3179 822 3242 quae
837 3159 1015 3222 necessaria
1029 3169 1120 3222 erant
1145 3158 1317 3244 impendit,
1355 3224 1357 3228 ,

260 3269 360 3342 atque
382 3257 459 3321 inde
482 3257 688 3322 recedentem
710 3259 900 3324 muneribus
923 3283 974 3324 me
990 3260 1057 3324 suis
1072 3261 1222 3324 decenter
1237 3259 1319 3323 dita-

227 3391 232 3399 ’
261 3361 341 3426 vit.”
385 3359 450 3426 His
465 3359 630 3425 Henricus
653 3362 693 3425 de
708 3361 844 3425 Essexia
861 3361 953 3446 regis
967 3362 1118 3427 tribunus
1131 3363 1317 3448 respondit:
1330 3379 1466 3472 {stampas

262 3467 285 3498 “
301 3461 392 3526 Bene
406 3461 639 3548 voluntateque
653 3463 793 3548 benigna
806 3464 847 3528 ab
861 3462 920 3528 illo
934 3473 1016 3542 acta,
1036 3486 1056 3528 a
1077 3463 1169 3528 vobis
1191 3463 1320 3530 sinistra
1330 3443 1440 3571 {ludiim

262 3563 522 3629 remuneratione
552 3575 629 3630 sunt
657 3575 798 3651 accepta.
858 3565 986 3630 Malum
1014 3565 1101 3631 enim
1133 3590 1193 3653 pro
1217 3567 1319 3634 'bonis
1349 3543 1404 3573 m

262 3667 354 3733 vobis
376 3666 502 3732 collatis
525 3689 611 3731 nunc
635 3666 685 3731 illi
706 3667 883 3754 rependere
897 3668 1007 3734 vultis.
1053 3667 1166 3755 Atque
1192 3670 1317 3735 utinam

264 3769 322 3834 tali
348 3769 520 3855 quisquam
544 3770 804 3835 remuneratione
830 3781 981 3856 acceptus
1003 3771 1094 3836 vobis
1116 3772 1318 3856 inposterum

265 3870 355 3934 haud
368 3871 513 3956 praebeat
526 3871 736 3956 hospitium.”
773 3872 956 3958 Episcopus
971 3883 1097 3938 autem:
1115 3877 1137 3908 “
1152 3873 1319 3952 Extunc,”
1328 3897 1461 3958 massua

263 3971 384 4056 inquit,
410 3975 432 4006 “
448 3971 576 4059 domine
590 3973 635 4036 mi
650 3973 811 4037 carissime
826 3973 1011 4058 nescioquo
1024 3973 1111 4038 idem
1126 3997 1203 4038 usus
1216 3975 1320 4040 consi·
1329 3953 1452 3990 ‘mm‘

264 4074 321 4151 lio,
346 4095 366 4137 a
394 4072 516 4158 synodo
545 4096 579 4136 se
609 4074 782 4152 subtraxit,
806 4075 1085 4159 summonitusque
1114 4075 1183 4161 ipse
1212 4077 1321 4142 venire

264 4198 414 4254 renuenS,
436 4175 577 4260 priorem
601 4175 746 4240 ecclesiae
768 4198 836 4239 suae
859 4197 933 4239 cum
955 4177 1148 4261 quibusdam
1167 4177 1321 4242 fratribus

266 4279 332 4345 suis
347 4279 388 4344 ad
409 4277 568 4366 synodum
582 4277 764 4342 destinavit.
814 4277 878 4342 Pro
893 4300 1000 4343 amore
1014 4279 1102 4344 illius
1115 4279 1197 4344 nihil
1211 4279 1245 4344 in
1260 4279 1321 4345 hoc

577 4410 584 4441 ¹
600 4409 715 4478 indatus,
729 4409 786 4464 MS.
795 4409 864 4478 here,
877 4409 927 4464 and
939 4411 1030 4466 below.
1121 4421 1125 4426 ’
