3240 5154
545 559 768 612 nouasrnnn
794 559 843 609 DE
856 557 989 609 'BELLQ
1236 544 1294 606 151

243 709 370 788 debere,
387 711 446 795 qui
468 709 672 776 subditorum
686 708 831 772 moribus
850 705 1060 770 informandis
1079 707 1213 792 provida
1235 710 1298 773 sol-

243 810 412 874 licitudine
435 813 560 897 possint
581 810 761 895 invigilare,
782 810 847 874 huc
861 819 966 874 vestra
986 809 1173 895 dominique
1196 812 1298 876 archi-

243 912 387 998 episcopi
402 913 506 978 vocati
527 912 719 977 auctoritate
735 934 776 975 en
796 933 952 989 assumus,
973 920 1012 974 ut
1025 921 1187 996 pastorem
1204 914 1298 977 nobis

244 1013 318 1078 Deo
340 1025 470 1079 auctore
494 1015 590 1101 digne
612 1014 856 1100 praeficiendum
879 1015 1056 1078 secundum
1077 1014 1229 1080 instituta
1247 1039 1298 1080 ca-

242 1139 364 1182 nonum
389 1118 554 1203 eligamus.
600 1118 662 1182 Est
686 1116 773 1181 enim
795 1116 926 1180 omnino
950 1115 1169 1194 temerarium,
1196 1128 1298 1182 trans-

240 1219 331 1302 gredi
346 1221 474 1284 decreta
494 1222 664 1306 majorum.
709 1218 827 1282 Virum
849 1217 962 1302 itaque
976 1218 1193 1282 venerabilem
1215 1219 1298 1284 Can·

241 1321 411 1385 tuariensis
434 1321 578 1385 ecclesiae
601 1320 743 1406 priorem
768 1319 936 1384 dominum
952 1318 1099 1384 Odonem
1111 1321 1146 1384 in
1167 1322 1297 1386 nomine

241 1431 358 1485 sanctae
384 1422 554 1487 Trinitatis
579 1422 742 1508 eligimus,
769 1431 956 1505 nostraeque
977 1421 1129 1486 electioni
1155 1434 1298 1488 avestra

240 1522 428 1588 sullimitate
445 1547 610 1590 assensum
626 1525 696 1588 dari
709 1523 943 1608 postulamus.”

280 1625 352 1690 Vix
376 1627 473 1691 electi
497 1650 615 1691 nornen
638 1627 673 1690 in
702 1626 847 1690 omnium
873 1624 1040 1690 audientia
1064 1626 1295 1718 publicaverat,
1311 1652 1445 1694 orosam.

239 1750 314 1791 curn
336 1729 423 1792 idem
439 1728 562 1804 electus
576 1729 611 1793 in
625 1751 737 1793 vocem
752 1727 1015 1795 contradictionis
1031 1727 1152 1812 erupit,
1169 1730 1294 1796 dicens:
1309 1703 1434 1795 fltlllf‘

239 1833 262 1862 “
278 1829 449 1893 Nominari
463 1853 514 1893 me
535 1830 679 1908 audiens,
706 1839 741 1893 et
765 1829 933 1915 inopinata
958 1829 1117 1896 electione
1142 1832 1183 1896 ad
1211 1804 1360 1917 regi-hm

239 1953 314 1994 men
338 1932 524 1996 monasterii
545 1933 584 1996 de
600 1932 694 1996 Bello
709 1931 827 2017 vocari,
842 1955 909 1996 non
929 1931 999 2011 illo,
1014 1954 1080 1996 non
1095 1933 1185 2011 alias,
1202 1945 1297 2000 extra

239 2042 382 2096 nostram
412 2033 678 2098 Cantuariensem
707 2033 885 2113 ecclesiam,
917 2035 1084 2100 consentio
1118 2037 1295 2103 transferri.

240 2134 406 2220 Meipsum
420 2157 496 2199 vero
511 2136 628 2199 summi
649 2135 813 2220 pontificis
834 2135 1031 2222 protectioni
1046 2137 1182 2217 subicio,
1198 2149 1233 2202 ct
1255 2162 1296 2204 ne

238 2259 295 2300 vos
320 2237 435 2301 fratres
459 2238 518 2323 qui
542 2238 607 2301 huc
629 2237 770 2324 pastoris
794 2238 936 2321 eligendi
961 2239 1065 2322 gratie
1087 2241 1220 2304 venistis
1245 2265 1296 2305 me

238 2339 376 2424 eligatis,
403 2363 525 2424 vosque
549 2340 678 2404 domine
700 2362 762 2404 rex
785 2351 819 2404 et
841 2340 970 2404 domine
996 2341 1234 2428 archiepiscope
1255 2366 1296 2408 ne

238 2442 339 2506 eisin
360 2443 517 2508 electione
543 2464 709 2506 assensum
730 2443 915 2528 praebeatis,
936 2443 1129 2509 omnimodis
1151 2445 1295 2527 inhibeo,

238 2554 272 2608 et
290 2545 428 2629 nequid
449 2546 618 2610 adversum
640 2567 692 2608 me
717 2544 753 2607 in
777 2545 836 2610 hac
860 2555 951 2630 parte
972 2545 1075 2631 possit
1097 2549 1296 2633 attemptari,

236 2647 345 2710 sedem
359 2645 569 2732 apostolicam
583 2645 743 2730 appello.”

281 2748 497 2834 Stupentibus
521 2750 563 2813 ad
588 2748 660 2811 haec
687 2746 838 2812 omnibus
865 2747 922 2833 qui
946 2749 1091 2828 aderant,
1115 2772 1189 2814 cum
1212 2775 1297 2816 unus

238 2873 350 2915 eorum
374 2852 482 2937 ipsum
504 2851 539 2915 in
567 2851 629 2915 hoc
655 2873 808 2935 responso
831 2850 928 2916 nimis
955 2851 1124 2916 festinasse
1151 2853 1294 2918 diceret:

236 2957 258 2986 “
274 2953 438 3032 Festino,”
461 2953 639 3039 respondit,
676 2958 698 2989 “
715 2953 793 3038 quia
818 2952 971 3017 festinare
998 2955 1205 3040 compellor.’'
1249 2957 1297 3021 Et

236 3055 388 3133 adiciens,
429 3059 451 3090 “
466 3055 571 3139 Ego‚”
604 3055 724 3140 inquit,
760 3058 782 3090 “
797 3055 839 3118 ad
875 3055 939 3120 huc
973 3057 1170 3122 veniendum
1204 3061 1296 3124 nulla

236 3157 367 3240 quidem
390 3167 513 3220 tractus
539 3179 610 3219 sum
636 3156 835 3234 curiositate,
859 3157 949 3220 nulla
971 3161 1149 3244 cujuslibet
1163 3162 1294 3226 honoris

234 3260 439 3344 dignitatisve
456 3260 641 3344 temporalis
667 3260 824 3344 impulsus
848 3283 920 3326 sum
942 3263 1130 3346 cupiditate,
1155 3267 1212 3329 sed
1227 3268 1294 3332 sola

235 3362 441 3446 negotiorum
468 3361 708 3426 Cantuariensis
733 3361 876 3425 ecclesiae
902 3386 973 3426 sum
999 3365 1175 3448 perductus
1202 3391 1293 3432 occa-

233 3463 333 3528 sione.
378 3464 465 3531 Quae
493 3463 520 3528 si
549 3487 609 3549 per
637 3486 689 3526 me
718 3475 856 3547 possunt
871 3465 1031 3548 expediri,
1062 3468 1210 3551 gaude03
1242 3471 1292 3536 sin

234 3577 353 3644 autem,
370 3567 500 3630 domurn
524 3565 602 3629 licet
626 3566 753 3629 inactus
773 3566 879 3629 redeo.
926 3565 992 3630 Sed
1012 3590 1069 3631 cur
1095 3569 1175 3634 milri
1189 3573 1292 3638 invito

233 3680 268 3733 et
293 3669 420 3754 ingrato
444 3667 684 3754 suscipiendum
707 3667 912 3752 proponitur,
938 3670 1026 3752 quod
1048 3671 1157 3755 plures
1172 3697 1215 3738 ex
1240 3676 1291 3740 his

231 3771 316 3836 forte
340 3771 398 3857 qui
418 3780 530 3836 assunt
554 3792 614 3833 nec
636 3769 754 3834 invitos
777 3792 836 3834 nec
862 3770 1004 3854 ingratos
1026 3773 1110 3837 velle
1128 3779 1289 3862 suscipere
1332 3786 1337 3795 '

231 3897 296 3938 non
311 3875 502 3938 dubitatur?
547 3872 583 3936 Si
604 3896 681 3936 vero
705 3872 739 3936 id
762 3873 870 3956 agitur
893 3883 932 3937 ut
959 3875 1003 3936 sic
1026 3897 1174 3939 amovear
1189 3901 1208 3940 a
1222 3881 1288 3962 pri-

232 3988 341 4041 oratus
365 3975 482 4052 officio,
506 3974 666 4060 prioratui
688 3974 903 4040 libentissime
924 3976 1014 4053 cedo,
1037 3976 1128 4040 etin
1155 3979 1288 4044 ecclesia

233 4078 458 4144 Cantueriensi
473 4077 661 4162 simpliciter
676 4087 931 4155 conversaturus,
954 4100 1028 4141 curn
1050 4078 1196 4162 prioratu
1219 4082 1288 4145 cui-

231 4183 314 4246 libet
342 4180 526 4266 praelationi
556 4189 670 4264 sponte
710 4180 874 4244 renuntio.
931 4180 1116 4244 Prioratum
1147 4205 1286 4269 namque

231 4285 338 4370 ipsum
363 4283 444 4350 mihi
468 4305 593 4368 semper
615 4282 690 4366 plus
713 4282 797 4346 sensi
822 4281 922 4345 fuisse
938 4283 1027 4346 oneri
1045 4305 1141 4367 quam
1161 4285 1286 4366 honori,

230 4411 327 4472 quem
343 4386 558 4472 proculdubio
575 4385 697 4448 invitus
721 4385 858 4470 suscepi,
886 4385 1007 4450 invitus
1023 4398 1056 4450 et
1069 4399 1198 4453 coactus
1213 4390 1288 4456 hac-

230 4501 323 4552 tenus
346 4489 470 4552 tenui.”
