3278 5162
562 545 785 598 uorrsrnnu
811 545 861 595 uu
883 544 1010 596 nunno.
1264 529 1303 599 71

248 693 352 760 affuit
397 693 516 758 Multis
539 692 640 778 igitur
664 693 768 757 causis
781 691 904 756 ibidem
923 690 1084 769 discussis,
1114 691 1213 755 abbas
1236 694 1305 778 regi

248 796 455 881 praesentiam
481 817 572 858 suam
592 795 756 873 exhibuit,
780 803 923 879 paratus,
948 793 975 856 si
991 794 1064 878 quis
1084 793 1189 858 eidem
1213 795 1305 877 quic·

247 920 345 982 quam
360 898 486 961 obicere
511 896 618 975 vellet,
639 899 730 982 justa
751 895 885 959 rationis
905 895 1061 980 aequitate
1075 918 1135 979 pro
1150 895 1302 959 libertate

247 999 391 1064 ecclesiae
414 1018 482 1062 suae
506 999 664 1063 resistere.
710 997 893 1082 Episcopus
907 994 985 1060 vero'
997 995 1160 1060 nonnullis
1179 996 1302 1061 ibidem

247 1101 397 1165 detentus
422 1103 571 1187 negotiis
595 1123 701 1166 coram
725 1123 800 1185 rege
824 1100 877 1163 die
901 1099 1014 1164 eadem
1027 1099 1137 1163 venire
1161 1100 1299 1166 distulit.

248 1200 358 1265 Lectis
388 1204 490 1288 igitur
514 1225 620 1267 coram
642 1225 717 1288 rege
740 1203 837 1268 cartis
856 1188 897 1266 et
911 1202 1151 1266 munitionibus
1174 1201 1214 1264 de
1240 1201 1300 1266 hac

245 1305 355 1368 eadem
369 1327 414 1382 re,
439 1328 459 1369 a
482 1328 557 1390 rege
577 1303 738 1369 Willelmo
757 1327 874 1389 magno
897 1304 1097 1388 subscriptis,
1113 1326 1173 1367 rex
1192 1304 1299 1367 altiori

243 1425 321 1468 usus
344 1407 477 1470 consilio
496 1406 654 1492 praecepit
679 1406 845 1476 ecclesiam
870 1406 970 1469 sancti
997 1404 1134 1470 Martini
1150 1406 1189 1468 de
1205 1405 1299 1470 Bello

242 1507 282 1570 ab
304 1508 392 1571 omni
421 1510 622 1595 subjectione
648 1518 682 1572 et
705 1509 877 1572 exactione
905 1507 1114 1572 Cicestrensis
1143 1507 1297 1592 episcopi,

240 1609 417 1672 secundum
425 1609 511 1693 regis
522 1609 683 1673 Willelmi
698 1619 732 1673 et
746 1609 884 1673 aliorum
898 1631 1012 1693 regum
1026 1609 1299 1694 praedecessorum

240 1732 371 1774 suorum
401 1721 513 1790 cartas,
541 1712 676 1776 liberam
706 1712 836 1776 omnino
861 1712 1010 1774 existere.
1055 1709 1096 1774 In
1123 1711 1298 1775 crastinum

238 1811 370 1876 licentia
394 1835 414 1876 a
437 1836 514 1897 rege
539 1814 638 1877 abbas
664 1823 796 1898 accepta
817 1813 949 1876 domum
972 1812 1080 1890 rediit,
1100 1835 1175 1896 rege
1191 1813 1297 1878 eidem

239 1914 471 1997 pronuntiante
500 1937 534 1979 se
558 1915 702 1980 ecclesiae
728 1917 767 1980 de
796 1915 890 1980 Bello
919 1915 1004 1978 sicut
1029 1915 1199 1980 dominicae
1228 1939 1302 1994 suae,

240 2015 371 2101 capellae
386 2026 420 2080 et
441 2039 567 2081 coronae
580 2018 679 2100 regiae
694 2017 729 2080 in
745 2017 894 2081 omnibus
910 2017 1000 2101 justa
1021 2016 1206 2081 defensione
1221 2041 1296 2103 pro·

241 2126 396 2181 tectorem
411 2118 491 2182 fore.
1058 2167 1060 2172 -

285 2218 385 2282 Haud
403 2221 500 2304 longo
510 2221 717 2305 postmodum
734 2230 890 2305 tempore,
915 2242 999 2284 anno
1015 2219 1137 2284 scilicet
1152 2219 1296 2284 incama-
1308 2248 1363 2280 ω.
1375 2243 1431 2282 1154.

711 2369 719 2386 .
794 2321 1294 2398 .kalendasNovembris,eodem
1308 2291 1411 2429 Ξῖξτέὄᾶί

236 2422 380 2505 piissimo
403 2447 479 2508 rege
500 2424 667 2510 Stephano
687 2448 730 2489 ex
744 2425 804 2488 hac
818 2425 890 2489 luce
906 2426 1081 2502 subtracto,
1098 2434 1132 2487 et
1146 2425 1181 2486 in
1196 2425 1296 2488 eccle·
1323 2393 1358 2441 ιφ
1373 2401 1407 2429 ω’

237 2522 284 2584 sia
299 2545 396 2606 quam
410 2525 480 2610 ipse
495 2526 695 2590 inhonorem
711 2528 812 2592 sancti
829 2528 1003 2592 Salvatoris
1016 2525 1131 2590 mundi
1145 2549 1165 2589 a
1179 2525 1297 2592 funda-

238 2624 356 2688 mentis
385 2637 610 2691 construxerat
636 2630 724 2712 apud
747 2629 950 2693 Faevresham
975 2628 1147 2704 tumulato,
1172 2630 1296 2713 episco-

236 2748 298 2810 pus
310 2736 438 2812 tempus
447 2738 486 2792 ut
500 2729 563 2793 sibi
572 2729 743 2793 videbatur
754 2741 974 2816 opportunum
984 2739 1109 2806 nactus,
1123 2751 1188 2813 quo
1203 2753 1295 2796 suam

235 2827 277 2890 ad
304 2828 437 2892 libitum
466 2841 719 2915 prosequeretur
747 2855 885 2911 causam,
915 2833 1109 2918 praedictum
1143 2831 1293 2896 abbatem

238 2927 426 2995 Cicestriam
454 2931 501 2995 ire
537 2934 771 2998 summonitum
802 2957 863 2998 nec
891 2935 1076 2999 venientem
1105 2933 1139 2996 in
1169 2934 1301 3019 synodo¹

237 3031 395 3117 solempni
418 3036 720 3100 excommunicavit.
767 3037 867 3103 Quod
891 3036 1023 3121 quidam
1038 3036 1077 3099 de
1094 3034 1292 3100 Ierosolimi-

235 3134 318 3195 tanis
331 3134 486 3198 fratribus
501 3137 541 3200 de
558 3136 695 3221 Templo
710 3137 832 3202 scilicet
845 3133 968 3201 ibidem
979 3137 1122 3201 existens
1141 3159 1216 3200 cum
1239 3159 1291 3200 ac·

235 3234 382 3319 cepisset,
399 3236 604 3299 Lundoniam
618 3237 809 3302 festinanter
829 3232 980 3316 tefieudit,
998 3238 1056 3300 ubi
1071 3247 1149 3300 tunc
1164 3248 1290 3321 tempo-

233 3336 278 3398 ris
292 3336 391 3398 abbas
405 3335 592 3419 praedictus,
604 3344 769 3420 praecepto
783 3334 975 3399 venerabilis
988 3333 1172 3398 cantuariae
1187 3334 1287 3397 archi·

234 3435 377 3521 episcopi
397 3434 587 3514 Teodbaldi,
610 3457 684 3500 cum
708 3435 848 3519 quodam
865 3434 964 3498 fratre
983 3456 1042 3496 suo
1060 3453 1104 3497 ex
1123 3435 1288 3498 nobilibus

234 3537 364 3621 Angliae
380 3535 521 3600 Ricardo
536 3537 577 3600 de
591 3535 675 3600 Luci
689 3535 830 3614 nomine,
854 3535 1027 3599 adventum
1052 3534 1188 3599 Henrici
1203 3535 1289 3599 Nor-

233 3659 423 3702 mannorum
448 3637 539 3701 ducis
563 3638 649 3722 regis
663 3636 768 3700 futuri
783 3646 957 3720 expectans
976 3637 1172 3715 morabatur,
1188 3647 1287 3722 atque

230 3737 291 3802 hoc
304 3740 448 3824 ejusdem
462 3739 597 3803 Ricardi
619 3739 752 3803 auribus
772 3737 896 3822 pandit.
943 3737 1020 3805 Quo
1032 3739 1154 3812 audito,
1173 3738 1287 3802 Ricar-

231 3839 294 3903 dus
306 3862 379 3902 cum
393 3840 549 3923 praedicto
564 3843 681 3906 abbate
696 3841 794 3906 fratre
810 3864 869 3905 suo
889 3841 1029 3918 locutus,
1049 3840 1120 3904 haec
1135 3850 1174 3903 ut
1195 3851 1287 3905 erant

230 3939 470 4024 archiepiscopo
493 3943 613 4005 referre
637 3965 703 4007 non
723 3942 860 4006 distulit.
906 3939 1152 4004 communicato
1174 3940 1286 4022 itaque

230 4040 365 4104 consilio
382 4042 472 4105 misit
492 4043 578 4107 idem
598 4044 790 4109 venerabilis
816 4053 909 4129 pater
925 4042 1086 4126 quendam
1105 4062 1148 4103 ex
1163 4041 1286 4105 clericis

230 4142 297 4205 suis
324 4142 528 4208 Salomonem
553 4145 682 4208 nomine
706 4145 746 4207 ad
769 4145 967 4229 episcopum,
983 4143 1136 4206 mandans
1152 4141 1182 4204 ei
1198 4144 1286 4226 quod

230 4245 346 4309 abbate
377 4268 484 4309 secum
514 4245 647 4308 detento
673 4245 796 4308 domini
826 4245 877 4307 sui
903 4243 1007 4306 futuri
1035 4241 1169 4306 Henrici
1195 4244 1285 4306 ducis

230 4343 418 4411 Lundonias
441 4347 634 4432 expectabat
657 4348 840 4410 adventum.
887 4345 982 4410 Unde
1004 4344 1184 4408 mandando
1199 4345 1286 4409 vole·
