3278 5162
542 597 764 651 montsrunn
789 598 838 650 Du
863 601 989 654 BELLO,
1228 591 1288 654 lll

237 745 273 810 in
285 749 506 815 transmarinis
521 758 647 834 agente,
671 749 761 814 inter
775 757 892 814 caetera
904 748 1087 833 iniquitatis
1111 770 1180 814 suae
1194 774 1292 835 opera

234 851 322 915 idem
337 850 464 916 Alanus
483 851 519 916 in
542 849 685 916 maneria
707 850 851 914 ecclesiae
866 851 968 915 sancti
982 851 1119 916 Martini
1135 853 1174 916 de
1197 852 1291 918 Bello

236 951 322 1016 infra
348 954 503 1018 terminos
526 951 718 1016 forestarum
742 952 805 1016 1111
824 953 1002 1036 insurgens,
1026 955 1065 1018 de
1085 976 1152 1018 uno
1167 978 1290 1036 eorum,

238 1054 362 1118 scilicet
386 1054 569 1129 Bromham,
594 1055 670 1117 xxii.
694 1053 823 1132 solidos,
851 1055 947 1118 etde
978 1056 1118 1139 quodam
1145 1060 1290 1123 membro

239 1156 385 1241 ejusdem
400 1155 523 1220 scilicet
537 1154 674 1220 Anestia
689 1155 853 1220 dimidiam
872 1177 1021 1236 marcam,
1038 1167 1072 1222 et
1088 1161 1290 1224 tantumdem

237 1258 277 1322 de
300 1259 442 1322 manerio
466 1259 506 1321 de
520 1256 845 1335 Bricthwoldintune,
870 1280 930 1342 pro
954 1259 1099 1324 111111111
1119 1261 1151 1325 vi
1167 1262 1288 1346 exegit.

237 1357 381 1423 Collecta
395 1369 445 1423 est
458 1359 528 1424 haec
542 1358 680 1444 pecunia
689 1380 748 1443 per
761 1358 966 1423 vicecomites
980 1361 1229 1446 provinciarum,
1254 1374 1289 1428 et

234 1462 277 1525 ad
301 1463 493 1526 scaccarium
518 1459 642 1525 domini
667 1459 752 1543 regis
775 1459 891 1538 delata,
915 1461 1007 1525 11111
1021 1459 1291 1529 11111111111111-

235 1575 339 1649 cepta,
354 1565 387 1628 in
405 1563 518 1628 aerario
533 1561 657 1627 domini
679 1561 765 1644 regis
785 1571 835 1624 est
858 1563 1009 1646 reposita.
1055 1564 1133 1631 Quo
1148 1567 1289 1650 cognito,

235 1665 334 1729 abbas
348 1688 450 1730 unum
474 1687 518 1730 ex
543 1663 708 1728 monachis
732 1662 800 1726 suis
829 1685 903 1726 cum
927 1665 1022 1728 cartis
1046 1665 1242 1750 dignitatum
1257 1679 1291 1732 et

235 1766 426 1831 libertatum
450 1789 580 1831 suarum
602 1767 644 1830 ad
657 1765 850 1829 scaccarium
864 1765 1041 1830 transmisit
1055 1778 1094 1831 ut
1108 1768 1143 1832 in
1158 1771 1290 1834 andien-

235 1867 283 1934 tia
298 1869 503 1953 justiciarum
526 1890 623 1954 super
646 1867 706 1931 hac
729 1866 860 1931 insolita
886 1876 920 1931 11
943 1867 1090 1933 indebita
1117 1872 1288 1937 exactione

237 1981 499 2053 conquereretur.
552 1969 735 2034 Monachus
762 1991 838 2032 vero
875 1991 914 2032 eo
947 1971 1147 2054 perveniens,
1185 1996 1291 2040 coram

237 2071 386 2137 Roberto
411 2073 528 2137 comite
554 2071 769 2155 Legacestriae
799 2079 833 2134 et
864 2069 1006 2134 Ricardo
1033 2072 1073 2135 de
1106 2073 1201 2151 Luci,
1233 2076 1292 2158 qui

237 2182 317 2237 tunc
351 2196 509 2238 summam
537 2172 629 2258 regni
661 2171 828 2258 justiciam
860 2171 929 2235 vice
959 2173 1044 2256 regis
1084 2176 1293 2260 exequeban-

238 2283 304 2351 tur,
348 2285 382 2338 et
425 2297 531 2339 eoram
570 2273 642 2337 aliis
680 2272 855 2338 baronibus
900 2274 1049 2338 scaccarii
1092 2299 1292 2362 conquerens

162 2437 165 2443 .
236 2399 334 2463 super
358 2378 449 2443 illata
467 2377 588 2464 injuria
607 2399 676 2441 rem
702 2399 745 2440 ex
771 2377 883 2441 ordine
905 2377 1031 2462 pandit,
1057 2387 1159 2442 cartas
1182 2379 1292 2464 legen-

237 2479 293 2542 das
317 2479 482 2566 proponit,
505 2481 747 2544 restitutionem
772 2478 954 2542 ablatorum
978 2481 1117 2566 expetit.
1149 2481 1291 2547 Auditis

236 2603 281 2643 ex
316 2591 475 2645 cartarum
508 2581 696 2645 testimonio
725 2581 868 2645 ecclesiae
897 2581 1115 2659 libertatibus,
1147 2585 1292 2648 omnium

236 2683 381 2746 unanimi
398 2682 523 2768 judicio
537 2683 677 2768 pecnnia
696 2682 852 2767 jamdicta
870 2684 939 2767 jam
962 2706 1021 2767 per
1042 2682 1153 2767 plures
1173 2685 1291 2750 diesin

236 2783 387 2848 thesauro
401 2785 486 2867 regis
500 2785 640 2871 reposita
659 2783 853 2861 extrahitur,
875 2805 982 2848 coram
1008 2785 1158 2849 omnibus
1180 2809 1291 2850 mona-

236 2884 296 2949 cho
306 2885 467 2964 redditur,
478 2886 673 2971 franguntur
683 2885 793 2964 talliae,
808 2885 976 2970 omnisque
986 2888 1130 2972 ejusdem
1140 2891 1289 2974 pecuniae

234 2987 388 3051 memoria
411 2989 450 3052 de
474 2989 591 3052 rotulis
613 2987 767 3053 eraditur.
813 2987 958 3052 Domum
972 3011 1047 3053 vero
1061 2989 1188 3055 rediens
1202 2992 1290 3058 idem

234 3090 409 3154 monachus
433 3090 543 3154 abbati
568 3090 616 3153 rei
639 3100 740 3173 gestae
764 3090 910 3153 ordinem
932 3090 1087 3172 insinuat,
1117 3094 1290 3177 pecuniam

235 3191 440 3274 saepedictam
466 3213 525 3254 suo
549 3191 683 3255 arbitrio
708 3191 874 3275 relinquit.
932 3191 1041 3258 Quam
1067 3194 1165 3258 abbas
1189 3197 1289 3260 susci-

234 3291 328 3375 piens
352 3293 393 3356 ad
418 3291 652 3376 praenominata
677 3292 820 3354 maneria
843 3293 1031 3370 transmisit,
1058 3294 1245 3360 hominibus
1270 3320 1289 3361 a
1318 3355 1321 3366 .

236 3391 357 3476 quibus
379 3404 493 3457 exacta
516 3403 565 3458 est
583 3393 825 3458 restituendam.
872 3393 1052 3460 Praedictus
1066 3417 1141 3459 vero
1163 3396 1288 3462 Alanus
1301 3428 1441 3470 mmor

237 3495 343 3576 quoad
364 3494 450 3560 vixit
464 3504 502 3558 ut
516 3494 585 3579 regi
600 3495 842 3570 thesaurizaret,
860 3495 1022 3579 quaslibet
1036 3507 1103 3560 tam
1124 3497 1288 3572 ecclesias·
1299 3479 1402 3569 iffi..

237 3595 316 3660 tices
342 3620 440 3681 quam
461 3597 620 3662 seculares
643 3619 796 3682 personas
818 3619 936 3661 vexare
962 3621 1029 3663 non
1048 3599 1185 3678 destitit,
1202 3611 1236 3665 et
1249 3613 1289 3666 ut

236 3698 377 3782 placeret
385 3699 454 3784 regi
463 3698 732 3784 terreno,Regem
741 3722 807 3763 non
817 3699 928 3763 timuit
937 3701 1099 3775 offendere
1110 3703 1287 3770 coelestem.

236 3799 334 3864 Unde
357 3812 516 3885 quantum
529 3799 736 3886 gratiaruma
754 3824 841 3886 rege,
864 3802 917 3866 cui
931 3802 976 3866 sic
998 3803 1124 3888 placere
1151 3807 1288 3884 studuit,

235 3901 271 3964 in
293 3902 358 3966 fine
383 3913 572 3967 consecutus
591 3903 644 3981 sit,
666 3902 715 3966 rei
736 3903 847 3968 exitus
871 3904 992 3969 docuit.
1039 3905 1125 3968 Nam
1151 3928 1225 3969 cum
1248 3908 1289 3970 ad
1368 3905 1372 3911 ’

236 4011 383 4066 extrema
403 4003 561 4067 deductus
584 4013 678 4080 esset,
704 4005 871 4088 cujusdam
892 4005 1078 4068 monasterii
1097 4005 1212 4070 fratres
1230 4007 1289 4070 ali·

270 4199 374 4254 ¹More
403 4199 506 4270 usually
537 4204 642 4266 essarta,
670 4199 737 4252 from
790 4201 835 4253 the
859 4201 952 4254 Forest
976 4201 1060 4255 Laws.
1103 4201 1152 4254 See
1185 4201 1286 4256 Watts’

234 4289 325 4338 111110,
346 4278 372 4322 to
442 4270 456 4321 b
477 4287 510 4338 op
517 4289 527 4331 ‚·
544 4270 665 4338 meaning
676 4268 737 4321 land
789 4269 875 4322 Glosa
897 4277 924 4321 1ο
937 4270 1014 4325 Μ111.
1038 4270 1118 4338 Paris,
1142 4289 1161 4324 s.
1174 4289 1215 4336 o.;
1237 4273 1288 4326 and

234 4339 371 4393 recovered
399 4356 454 4392 rom
474 4337 549 4390 wood
566 4338 617 4390 11111
637 4346 736 4403 111111;
787 4338 960 4393 Whitteker't
997 4342 1106 4410 History
1139 4341 1169 4394 of
1195 4342 1288 4396 Whal-

234 4427 250 4462 1
266 4418 332 4462 term
353 4409 382 4462 of
399 4409 517 4478 frequent
539 4425 691 4461 occurrence
709 4407 736 4460 in
784 4407 836 4478 ley,
848 4426 874 4479 p.
886 4412 945 4464 131.
