3278 5162
534 573 758 626 Monnsrnnn
780 575 829 626 DE
854 575 981 628 sumo:
1232 566 1295 629 105

232 723 362 811 plicare.
423 723 518 789 Licet
546 725 647 809 igitur
669 725 848 810 plurimum
870 725 1036 810 fatigatus,
1054 723 1133 788 licet
1157 723 1297 809 plurima

234 827 377 912 corporis
392 825 444 890 sui
457 836 549 911 parte
564 827 735 904 invalidus,
750 850 817 890 non
831 837 940 890 tamen
963 826 1105 912 propriae
1127 827 1298 890 imbecilli·

234 929 307 1006 tati,
336 949 404 992 non
429 929 581 1012 expensis
615 951 745 1013 parcere
771 928 886 1006 voluit,
919 929 998 1011 quin
1028 928 1205 992 commissae
1233 930 1297 994 sibi

236 1030 381 1094 ecclesiae
397 1029 548 1095 ,utilitati
578 1039 612 1094 et
646 1029 843 1114 promotioni
878 1028 1071 1092 omnimodis
1101 1030 1295 1116 invigilaret.

236 1131 318 1196 Voti
333 1132 444 1216 itaque
458 1131 521 1210 sui,
540 1131 576 1194 in
590 1131 751 1196 libertatis
766 1152 834 1194 suae
857 1153 893 1194 ac
919 1131 1087 1215 dignitatis
1112 1143 1298 1198 conservata

236 1233 434 1318 integritate,
451 1255 580 1317 compos
596 1233 741 1310 effectus,
754 1233 902 1316 nihilque
918 1233 980 1296 sibi
990 1234 1059 1318 jam
1074 1233 1109 1298 in
1123 1233 1182 1300 hac
1206 1246 1297 1320 parte

236 1334 367 1412 veritus,
386 1333 571 1418 aggreditur
600 1333 683 1397 male
710 1333 853 1419 dispersa
868 1355 1028 1412 revocare,
1054 1343 1088 1398 et
1109 1335 1297 1400 hostilitatis

236 1441 381 1520 tempore
393 1435 541 1515 alienata,
550 1436 619 1521 juri
633 1433 850 1500 ecclesiastico
865 1435 1059 1520 mancipare.
1104 1436 1162 1499 Ex
1177 1439 1297 1522 quibus

236 1539 389 1621 quoniam
403 1537 665 1622 exemplificandi
679 1536 784 1621 gratia
810 1535 961 1621 quaedam
983 1537 1121 1620 posteris
1146 1539 1296 1602 mandare

202 1652 206 1657 '
237 1639 445 1716 decrevimus,
461 1649 500 1702 ut
514 1661 565 1702 res
588 1638 726 1722 amplius
751 1637 855 1724 possit
878 1637 1070 1716 elucescere,
1096 1660 1225 1702 necesse
1249 1650 1298 1703 est

235 1751 395 1805 retroacta
409 1751 556 1825 tempora
567 1740 709 1804 breviter
722 1738 887 1824 replicare.

279 1841 370 1906 Dum
384 1842 489 1906 adhuc
504 1840 687 1926 Anglorum
700 1839 919 1924 gubernacula
941 1849 1067 1905 teneret
1081 1841 1214 1905 inclitus
1235 1864 1297 1906 rex
1310 1858 1431 1918 Pro-eque·

178 1959 181 1964 ·
236 1942 411 2022 Hennam,
427 1942 620 2006 nobilissimi
645 1941 730 2026 regis
753 1941 914 2005 Willelmi
929 1941 1078 2026 Anglicae
1101 1943 1295 2009 monarchiae
1309 1908 1440 2047 &aad

136 2094 139 2100 .
236 2045 475 2129 conquisitoris,
491 2053 526 2108 et
540 2043 683 2108 ecclesiae
699 2043 800 2106 sancti
816 2043 955 2106 Martini
975 2045 1015 2108 de
1031 2044 1125 2108 Bello
1146 2045 1298 2109 fundato·
1309 2018 1455 2146 {wiliare

236 2146 281 2210 ris
296 2146 393 2223 filius,
408 2145 513 2209 felicis
536 2144 700 2210 memoriae
724 2144 823 2207 abbas
843 2143 1009 2208 Radulfus
1033 2147 1090 2230 qui
1117 2157 1195 2212 tunc
1217 2121 1382 2211 tem-iffi·

237 2249 326 2333 poris
341 2248 446 2311 eidem
466 2247 610 2312 ecclesiae
634 2254 819 2330 praeerat,a
843 2247 984 2330 quodam
1007 2247 1201 2331 Ingelranno
1224 2272 1299 2334 cog-

238 2359 391 2414 nomento
414 2348 700 2425 Baccheneridere,
729 2346 859 2410 homine
888 2347 1085 2420 Withelardi
1113 2350 1152 2412 de
1168 2350 1298 2430 Baillol‚

237 2450 307 2536 ipso
330 2449 536 2514 Withelardo
557 2449 777 2513 consentiente
804 2459 844 2512 ut
868 2451 1122 2536 suprascriptum
1137 2452 1205 2530 est,¹
1234 2463 1299 2518 tres

238 2553 345 2617 wistas
356 2562 452 2616 terrae
466 2551 502 2614 in
513 2550 721 2635 Bemeborne
737 2550 812 2613 dato
823 2550 929 2634 pretio
945 2554 1148 2636 comparavit.
1195 2555 1300 2618 Addi-

239 2654 288 2717 dit
313 2664 422 2718 autem
444 2652 543 2736 gratis
559 2652 598 2715 de
619 2651 753 2735 proprio
776 2651 863 2714 idem
889 2651 1113 2717 Withelardus
1140 2658 1300 2739 quandam

237 2767 363 2842 partem
378 2767 473 2820 terrae
488 2755 524 2817 in
537 2754 672 2818 marisco
695 2752 839 2838 praefatis
859 2752 964 2816 tribus
978 2755 1079 2818 wistis
1104 2759 1299 2842 contiguam,

240 2869 351 2922 ettam
366 2858 406 2921 ab
414 2856 544 2921 homine
555 2879 613 2920 suo
624 2855 818 2939 Ingelranno
829 2847 952 2919 scilicet
963 2868 1188 2941 comparatam,
1203 2883 1300 2946 quam

179 2970 182 2975 '
239 2971 273 3025 et
298 2963 419 3025 donum
443 2958 612 3045 proprium
643 2957 747 3020 eidem
777 2957 921 3020 ecclesiae
948 2956 987 3020 de
1014 2958 1109 3024 Bello
1133 2964 1299 3027 concessit.

239 3063 286 3128 Et
300 3073 339 3128 ut
353 3063 465 3126 eadem
480 3071 566 3125 terra
580 3059 711 3124 omnino
734 3059 836 3122 libera
855 3060 896 3122 ab
919 3061 1006 3123 omni
1021 3063 1187 3142 servitute,
1204 3075 1238 3128 et
1259 3067 1300 3130 ab

240 3164 383 3228 omnium
396 3163 564 3227 hominum
581 3162 763 3246 calumpnia
776 3161 812 3224 in
828 3173 1025 3247 perpetuum
1037 3163 1143 3227 eidem
1157 3166 1300 3230 ecclesiae

238 3275 428 3342 remaneret,
445 3288 464 3327 a
474 3263 630 3349 jamdicto
645 3263 815 3346 magnifico
830 3286 904 3347 rege
921 3263 1075 3343 Henrico,
1101 3275 1136 3328 et
1150 3289 1169 3328 a
1183 3267 1301 3332 comite

240 3365 332 3451 Augi
348 3365 492 3429 Henrico
508 3364 638 3428 domino
659 3364 806 3450 ejusdem
821 3363 1019 3428 Withelardi
1041 3366 1227 3431 confirmata
1241 3380 1301 3435 est.

242 3468 325 3533 Cum
338 3491 414 3531 vero
429 3467 533 3531 multo
553 3468 622 3552 jam
636 3466 746 3529 labore
761 3465 939 3550 multisque
960 3467 1123 3552 expensis,
1140 3469 1174 3534 in
1200 3469 1301 3535 domi·
1314 3497 1381 3556 caua
1394 3495 1457 3538 orae

238 3571 311 3648 bus,
326 3569 362 3633 in
387 3568 593 3654 agriculturis
615 3568 803 3650 instaurata¹
818 3576 902 3630 esset
922 3568 1033 3633 eadem
1057 3578 1153 3648 trra,
1180 3573 1302 3636 molen.
1314 3547 1404 3599 ὤμω·

241 3673 317 3737 dino
341 3671 439 3736 etiam
469 3671 593 3756 optimo
619 3669 654 3732 in
682 3669 818 3733 marisco
843 3669 941 3747 facto,
962 3672 1097 3756 jamque
1125 3674 1303 3758 plurimum

240 3774 399 3838 commodi
423 3782 660 3858 expectaretur,
675 3771 839 3858 praecipue
855 3795 929 3836 cum
944 3783 1027 3836 esset
1041 3774 1185 3840 ecclesiae
1201 3779 1303 3845 conti-

239 3899 314 3961 gua,
331 3877 423 3960 quasi
439 3876 584 3961 quinque
609 3875 755 3940 millibus
777 3876 909 3954 distans,
926 3878 1043 3940 abbate
1059 3878 1204 3942 Radulfo
1225 3879 1302 3944 huic

240 3979 317 4042 vitae
346 3978 444 4040 finem
469 3977 619 4054 faciente,
661 3987 696 4040 et
724 3977 898 4040 Warnerio
921 3979 1124 4056 succedente,
1154 3979 1307 4044 dominus

192 4157 196 4164 ¹
239 4080 335 4144 fundi
361 4078 499 4142 eundem
525 4079 673 4142 abbatem
700 4078 909 4142 Warnerium
932 4080 1092 4157 convenit,
1117 4081 1304 4164 frequenter
1368 4120 1371 4126 ·

240 4183 282 4246 ab
300 4204 339 4245 eo
353 4180 494 4266 plurima
508 4180 641 4262 exigens
656 4189 811 4262 tanquam
822 4202 893 4272 'pro
907 4180 1058 4245 beneficii
1082 4177 1304 4269 recompensa-

240 4284 339 4348 tione.
386 4282 452 4347 Sed
467 4304 540 4346 cum
561 4281 712 4346 abbatem
733 4280 802 4364 jam
828 4282 964 4348 taederet
987 4285 1058 4370 ejus
1084 4286 1302 4366 exactionum,

692 4403 699 4436 ¹
716 4404 765 4457 Sec
776 4423 802 4477 p.
815 4407 858 4462 53.
