3240 5154
527 559 753 612 nonssrnnn
774 559 829 610 nn
848 558 974 610 nanno.
1211 543 1273 608 169

218 707 363 788 ecclesia,
387 709 555 774 humiliter
580 711 773 796 supplicans,
800 719 839 774 ut
864 710 898 773 in
922 707 1056 773 ecclesia
1082 729 1140 772 sua
1164 707 1276 772 minis·

217 821 306 874 trum
333 811 520 897 provideret
548 813 713 877 idoneum.
760 811 948 876 Sacerdotes
978 833 1059 894 quos
1087 811 1184 874 bonae
1206 810 1276 894 opi-

219 913 325 978 nionis
353 927 387 979 et
416 916 511 980 samae
541 940 610 981 esse
641 917 772 995 didicit,
796 926 862 980 tarn
891 939 935 980 ex
968 914 1099 978 remotis
1128 915 1276 1000 partibus

220 1039 317 1100 quam
340 1039 384 1080 ex
404 1018 551 1082 finitimis
572 1019 682 1104 plures
705 1020 746 1082 ad
768 1041 801 1082 se
823 1017 932 1082 venire
954 1016 1085 1094 faciens,
1111 1017 1156 1079 eis
1175 1037 1278 1103 saepe-

219 1117 315 1181 dictae
339 1119 483 1184 ecclesiae
506 1121 720 1186 ministerium
744 1119 874 1198 obtulit,
900 1129 935 1183 et
959 1142 1002 1184 ex
1026 1141 1068 1182 ea
1086 1120 1277 1204 proveniens

221 1220 427 1284 beneficium.
475 1221 539 1286 Sed
558 1223 593 1286 in
621 1223 700 1286 locis
722 1218 893 1308 'oportunis
918 1242 1074 1306 congruas
1103 1221 1145 1284 ad
1167 1221 1278 1304 minis-

218 1324 369 1387 trandum
388 1315 568 1388 mansiones
590 1324 757 1402 habentes,
782 1334 860 1402 nota
879 1347 939 1411 pro
961 1323 1082 1408 ignotis
1099 1323 1278 1388 noluerunt

218 1435 425 1491 commutare.
478 1426 674 1512 Suggestum
700 1437 750 1492 est
774 1428 899 1491 interea
925 1425 1036 1490 abbati
1065 1426 1105 1489 de
1136 1426 1277 1510 quodam
1289 1437 1400 1529 1111111111

217 1527 351 1592 diacono
375 1529 523 1592 Waltero
545 1529 687 1606 nomine,
711 1528 769 1613 qui
798 1528 832 1608 in
860 1527 1006 1591 Bercsire
1030 1525 1066 1589 in
1088 1527 1276 1612 episcopatu
1289 1539 1401 1630 {lffiffi

220 1628 455 1694 saresberiensi
478 1653 600 1696 moram
622 1629 755 1708 faciens,
781 1643 814 1693 et
842 1629 918 1692 inde
948 1627 1078 1694 trahens
1108 1628 1277 1714 originem,
1401 1619 1408 1638 '

218 1732 371 1796 immunis
387 1754 518 1816 quoque
538 1733 578 1796 ab
594 1733 682 1796 omni
702 1731 917 1796 ecclesiastico
937 1731 1108 1809 beneficio,
1128 1731 1163 1794 in
1184 1742 1279 1816 gestu

219 1842 254 1896 et
274 1842 349 1896 actu
370 1833 455 1897 inter
477 1834 634 1898 scolarum
656 1834 812 1898 exercitia
832 1856 959 1898 morum
981 1835 1200 1918 praetenderet
1220 1834 1279 1898 ho-

219 1944 387 2000 nestatem.
432 1935 614 2003 Dicebatur
633 1959 652 2000 a
672 1937 877 2021 quibusdam,
895 1935 1050 2000 divinitus
1066 1937 1105 2000 de
1126 1960 1164 2000 eo
1178 1937 1278 2000 fuisse

219 2038 407 2114 revelatum,
430 2047 470 2102 ut
491 2039 531 2102 ad
550 2040 795 2124 praenominatae
819 2035 964 2102 ecclesiae
986 2038 1204 2102 ministerium
1223 2062 1279 2102 vo-

224 2150 362 2219 caretur,
378 2140 449 2204 loco
464 2141 633 2206 manifeste
649 2142 684 2206 in
700 2165 765 2226 quo
780 2151 865 2205 esset
879 2140 1091 2204 inveniendus
1107 2139 1277 2204 declarato

220 2243 333 2307 Abbas
359 2266 436 2328 ergo
458 2243 575 2308 litteris
593 2244 634 2308 ad
655 2265 730 2308 eum
749 2243 889 2321 directiS,
913 2252 951 2306 ut
975 2265 1084 2306 secum
1108 2241 1278 2306 locuturus

219 2345 343 2409 veniret
365 2345 538 2424 mandavit,
565 2346 719 2431 venitque
745 2355 885 2423 vocatus,
916 2345 951 2409 in
976 2345 1059 2424 1000,
1087 2364 1184 2429 super
1212 2364 1278 2429 quo

173 2459 177 2463 '
218 2448 395 2511 revelatum
413 2447 513 2511 fuisse
529 2447 706 2526 dicebatur,
728 2448 888 2513 inventus.
935 2446 998 2512 Oui
1012 2447 1091 2512 licet
1113 2453 1208 2511 antea
1227 2447 1277 2510 in-

219 2551 348 2634 cognito
376 2551 475 2614 abbas
500 2551 673 2634 regendam
696 2549 818 2614 obtulit
840 2550 1018 2628 ecclesiam,
1045 2559 1079 2613 et
1107 2559 1146 2613 ut
1174 2549 1209 2612 in
1239 2571 1278 2613 ea

218 2653 460 2732 ministraturus
492 2651 643 2737 proximo
680 2651 891 2715 ordinationis
924 2661 1069 2736 tempore
1100 2650 1278 2736 susciperet
1331 2684 1334 2688 ·

218 2755 452 2840 presbiteratus
475 2754 627 2819 officium.
674 2753 838 2818 Diaconus
861 2753 953 2818 nulla
979 2751 1158 2838 cupiditate
1187 2751 1397 2821 illoc-whosea

172 2903 178 2918 ,
220 2867 284 2937 tus,
314 2880 450 2942 seseque
479 2856 647 2921 humiliter
669 2879 837 2935 excusans,
867 2855 1045 2942 respondit,
1078 2859 1100 2890 “
1113 2853 1277 2938 Propositi
1288 2835 1432 2933 iiifiticoept'

219 2962 269 3026 sui
292 2962 437 3026 nondum
456 2983 525 3024 esse
550 2972 589 3024 ut
611 2962 823 3046 regendarum
836 2961 1025 3028 ,animarum
1049 2980 1158 3022 curam
1178 2957 1278 3021 susci-

217 3074 320 3148 peret,
339 3065 492 3146 adquam
516 3086 549 3126 se
573 3063 680 3127 minus
704 3064 858 3128 idoneum
879 3063 1052 3140 asserebat,
1073 3083 1199 3125 summo
1214 3060 1277 3124 sibi

220 3189 288 3230 esse
303 3165 461 3230 desiderio
476 3165 650 3228 scolasticis
665 3167 768 3229 adhuc
782 3166 926 3229 exerceri
941 3165 1067 3242 studiis,
1083 3163 1166 3227 nihil
1181 3187 1278 3248 super

219 3291 254 3331 re
270 3277 336 3330 tam
356 3266 455 3330 ardua
479 3289 626 3352 ,seposse
643 3277 777 3352 repente
800 3289 1008 3352 praesumere,
1030 3265 1094 3328 nisi
1114 3265 1206 3349 prius
1226 3265 1277 3328 in-

221 3369 342 3456 quisito
366 3368 542 3432 amicorum
565 3391 697 3433 suorum
719 3391 850 3433 assensu
870 3378 969 3454 atque
996 3366 1160 3432 consilio.”
1206 3366 1277 3430 Has

221 3483 255 3536 et
280 3470 466 3557 hujusmodi
492 3471 697 3556 praetendens
722 3470 960 3549 excusationes,
983 3470 1150 3534 nitebatur
1174 3468 1278 3532 omnia.

221 3575 326 3640 modis
355 3573 581 3659 subterfugere
604 3575 692 3658 quod
718 3573 824 3638 solent
848 3573 945 3637 multi
969 3595 1094 3638 summo
1118 3571 1277 3636 desiderio

183 3738 186 3744 ,
220 3679 380 3742 affectare.
426 3675 575 3740 Instabat
590 3677 689 3741 abbas
709 3685 747 3740 ut
762 3676 851 3760 quod
872 3675 1068 3738 offerebatur
1087 3675 1276 3760 susciperet,

221 3781 331 3844 dicens
349 3780 411 3844 hoc
427 3780 528 3866 magis
549 3802 592 3844 ex
614 3779 722 3843 divino
748 3801 845 3863 quam
870 3801 913 3843 ex
933 3778 1075 3841 humano
1092 3777 1278 3862 provenisse

163 3933 170 3938 .
220 3883 366 3960 consili0,
395 3891 434 3946 ut
462 3883 504 3946 ad
538 3882 721 3967 saepedictae
752 3881 897 3944 ccclesiae
925 3880 1070 3964 regimen
1097 3888 1276 3957 vocaretur,

221 3987 328 4072 ipsum
351 3985 416 4050 Dei
431 3995 465 4049 et
477 3986 583 4050 beatae
598 3985 745 4068 Virginis
768 3985 880 4048 matris
894 3984 1098 4046 incursurum
1112 3983 1276 4060 offensam,

220 4089 246 4152 si
274 4086 515 4172 subterfugeret
534 4086 736 4151 vocationem
757 4108 853 4169 quam
872 4086 1041 4149 constabat
1060 4083 1192 4148 omnino
1208 4105 1277 4147 esse

220 4190 413 4254 canonicam.
459 4188 643 4252 Haesitabat
671 4187 757 4250 inter
782 4187 854 4251 haec
876 4187 1030 4252 diaconus
1058 4186 1111 4250 cui
1133 4207 1166 4248 se
1192 4185 1277 4271 parti

219 4293 423 4379 potissimum
447 4291 627 4368 inclinaret,
649 4287 845 4373 suscipiendi
869 4289 992 4352 scilicet
1016 4298 1074 4352 aut
1097 4288 1276 4366 recusandi,

221 4397 297 4481 quia
326 4394 541 4481 suscipiendo,
574 4391 732 4456 scolastici
764 4391 913 4456 exercitii
942 4391 1144 4478 disciplinam
1179 4390 1277 4454 relin-
