3260 5172
342 553 384 614 14
644 562 813 614 HISTORIA
835 559 1080 614 wunffloms

385 711 543 778 XXXV.
568 711 708 778 AElurici
724 713 764 778 de
781 711 1013 797 Dengemareis
1028 711 1132 775 libera
1154 721 1204 773 est
1225 719 1259 773 et
1274 709 1396 794 quieta,

339 815 563 880 tantummodo
599 815 884 879 summonitionem
927 813 1007 877 facit
1049 813 1090 876 de
1127 822 1213 876 terra
1248 812 1395 897 ejusdem

339 916 480 980 AElurici
506 916 541 980 in
568 916 799 1001 Dengemareis
826 916 955 1002 quando
982 913 1150 978 servitium
1172 936 1269 978 suum
1290 913 1396 977 facere

338 1019 444 1084 debet.

383 1119 560 1186 XXXVI.
585 1120 756 1186 Benedicti
785 1120 934 1206 dapiferi,
971 1119 1074 1184 libera
1108 1129 1159 1183 est
1193 1117 1324 1182 omnino
1361 1129 1396 1181 et

338 1221 460 1306 quieta.

381 1323 578 1390 XXXVII.
601 1324 765 1404 Mauricii,
788 1325 843 1390 vii.
860 1324 1007 1388 denarios
1022 1333 1055 1388 et
1069 1346 1177 1410 opera.

381 1424 597 1492 XXXVIII.
621 1428 749 1494 AEdrici
761 1428 819 1514 qui
834 1427 925 1512 signa
934 1427 1104 1504 fundebat,
1128 1426 1183 1490 vii.
1198 1425 1346 1490 denarios
1360 1434 1396 1487 et

336 1549 443 1614 opera.

380 1629 561 1696 XXXIX.
587 1632 748 1710 Gunnild,
771 1631 826 1696 vii.
843 1632 990 1695 denarios
1006 1641 1040 1694 et
1055 1653 1162 1715 opera.

379 1730 457 1796 XL.
481 1731 632 1796 Burnulfi
647 1732 849 1818 carpentami,
872 1732 928 1796 vii.
945 1732 1101 1796 denarios.

379 1832 476 1898 XLI.
500 1834 629 1900 AEilriei
644 1835 719 1914 cild,
743 1835 797 1900 vii.
811 1836 959 1900 denarios
973 1846 1008 1900 et
1022 1858 1129 1922 opera.

379 1933 496 2002 XLII.
520 1937 667 2002 AEilnodi
681 1938 811 2016 sutoris,
833 1938 889 2004 vii.
906 1938 1053 2003 denarios
1068 1948 1103 2002 et
1117 1959 1223 2023 opera.

378 2036 510 2103 XLIII.
534 2038 737 2118 Franeefant‚
753 2041 807 2106 vii.
822 2040 969 2106 denarios
984 2050 1018 2104 et
1033 2061 1140 2124 opera.

378 2139 529 2207 XLIIII.
562 2141 673 2208 XLV.
697 2142 848 2207 AElduini
870 2142 948 2219 coci,
975 2142 1060 2218 duae,
1083 2139 1155 2205 xiii.
1186 2139 1333 2204 denarios
1359 2149 1393 2202 et

334 2263 440 2327 opera.

378 2342 508 2409 XLVI.
533 2343 671 2422 Emmae,
694 2344 748 2409 vii.
765 2345 913 2409 denarios
928 2356 962 2409 et
977 2367 1084 2430 opera.

378 2443 529 2511 XLVII.
554 2445 733 2512 AElstrildis
749 2446 888 2526 Nonum,
912 2447 954 2513 vi.
971 2446 1119 2511 denarios
1134 2458 1168 2510 et
1182 2468 1289 2531 opera.

377 2546 547 2613 XLVIII.
573 2548 663 2613 Petri
678 2549 819 2634 pistoris,
842 2549 897 2614 vii.
915 2548 1062 2614 denarios
1078 2558 1113 2612 et
1127 2570 1234 2633 opera.

376 2647 512 2716 XLIX.
537 2650 576 2715 L.
594 2650 724 2729 SewinI,
741 2662 805 2729 11⁸,
829 2651 900 2716 xiii.
917 2651 1063 2716 denarios
1079 2660 1113 2714 et
1127 2671 1233 2734 opera.

376 2749 435 2816 LI.
460 2752 614 2816 Rotberti
629 2753 668 2817 de
686 2753 792 2830 emisi,
816 2775 870 2818 xv.
886 2753 1033 2818 denarios
1048 2763 1083 2816 et
1097 2773 1204 2836 opera.

377 2851 453 2918 LII.
477 2853 673 2938 Mathelgari
688 2853 791 2932 Rufii,
814 2853 869 2918 vii.
886 2854 1033 2918 denarios
1048 2864 1082 2918 et
1096 2875 1203 2939 opera.

377 2952 471 3020 LIII.
497 2954 632 3020 Siwardi
649 2954 811 3040 Stigerop,
834 2955 889 3019 vii.
906 2955 1053 3020 denarios
1068 2965 1102 3018 et
1117 2977 1224 3039 opera.

376 3055 490 3124 LIIII.
514 3055 685 3134 Golduini,
702 3056 757 3121 vii.
774 3057 920 3122 denarios
935 3069 969 3122 et
984 3080 1091 3142 opera.

376 3158 449 3225 LV.
473 3158 613 3224 AEduini
629 3158 723 3236 fabri,
746 3157 802 3226 vii.
820 3159 966 3223 denarios
982 3170 1016 3223 et
1030 3181 1136 3245 opera.

375 3259 466 3328 LVI.
490 3259 601 3327 LVII.
627 3260 776 3348 Sevugel,
793 3270 856 3341 η’,
880 3284 914 3327 x.
931 3262 1079 3326 denarios
1092 3271 1127 3326 et
1141 3283 1248 3346 opera.

377 3363 508 3432 LVIII.
534 3363 709 3442 Gotselini,
726 3363 780 3429 vii.
798 3365 944 3430 denarios
964 3375 997 3429 et
1013 3386 1119 3449 opera.
1344 3361 1347 3366 ’

375 3465 472 3533 LIX.
497 3465 650 3542 Russelli,
667 3466 721 3530 vii.
738 3467 885 3532 denarios
900 3477 934 3531 et
944 3489 1051 3552 opera.

375 3566 452 3632 LX.
478 3566 655 3644 Lamberti,
671 3566 738 3631 viii.
756 3568 902 3632 denarios
918 3580 951 3632 et
966 3591 1072 3654 opera.

375 3667 472 3734 LXI.
497 3666 613 3732 Ailrici
626 3668 766 3753 pistoris,
783 3669 842 3733 xii.
859 3671 1005 3734 denarios
1016 3681 1050 3735 et
1061 3693 1169 3756 opera.

375 3769 492 3835 LXII.
516 3768 664 3834 AEilnodi
678 3769 738 3834 filii
754 3769 921 3849 Fareman,
937 3771 1004 3837 viii.
1021 3773 1168 3836 denarios
1180 3783 1214 3836 et
1228 3794 1335 3857 opera.

375 3870 510 3938 LXIII.
536 3870 700 3936 Gileberti
715 3872 834 3951 clerici,
847 3873 902 3938 vii.
921 3875 1067 3938 denarios
1080 3885 1114 3938 et
1128 3897 1235 3961 opera.

375 3972 528 4040 LXIIII.
553 3973 686 4038 Lefuini
701 3975 842 4059 pistoris,
858 3976 930 4039 xiii.
947 3977 1093 4040 denaxios
1108 3988 1143 4041 et
1158 3999 1265 4062 opera.

376 4076 485 4144 LXV.
511 4075 663 4154 Herodis,
683 4076 730 4141 xi.
748 4077 894 4141 denarios
908 4087 941 4140 et
955 4101 1062 4164 opera.
1180 4075 1182 4081 ⁴

417 4281 472 4346 Ex
487 4281 549 4346 alia
559 4293 651 4366 parte
666 4282 737 4345 viae.

374 4381 504 4450 LXVI.
530 4382 655 4468 Orgari,
672 4383 756 4448 xiiii.
774 4383 920 4448 denarios
935 4393 969 4448 et
983 4406 1089 4468 opera.
