3278 5162
504 579 729 632 MONASTERII
755 579 804 630 DE
830 579 954 631 BELLO.
1212 567 1258 630 81'

198 731 285 796 enim
298 731 385 796 fama
398 732 585 816 divulgante
602 754 700 817 quam
714 732 857 807 maxima
872 730 1030 794 celsitudo
1045 728 1205 794 libertatis
1221 741 1255 804 et

198 835 366 924 dignitatis
392 835 552 899 Bellensis
577 835 720 900 ecclesiae
744 858 763 899 a
786 834 957 920 magnifico
982 857 1056 918 rege
1082 833 1254 898 Willelmo

197 933 391 1002 constructae
411 938 569 1016 extiterit,
592 937 713 1023 optime
737 937 828 1001 novit
853 937 966 1000 caritas
991 942 1106 1000 vestra.
1151 936 1252 1003 Quod

197 1039 224 1104 si
240 1040 280 1103 de
299 1041 404 1133 primo
420 1041 564 1126 ejusdem
578 1039 641 1104 loci
665 1041 781 1103 abbate
802 1039 986 1102 Gausberto
1005 1037 1136 1102 nomine
1157 1061 1252 1124 agere

196 1141 337 1206 voluerit
354 1142 485 1207 dilectio
496 1152 611 1220 vestra,
626 1142 714 1205 haud
728 1141 929 1225 incognitum
940 1141 1096 1205 habemus
1111 1143 1251 1206 eundem

196 1241 232 1306 in
256 1245 366 1308 eadem
391 1245 524 1308 ecelesia
544 1246 584 1308 de
599 1243 693 1308 Bello
716 1243 909 1308 auctoritate
931 1252 965 1306 et
978 1243 1135 1327 dignitate
1150 1245 1251 1328 regia,

196 1344 357 1431 simulque
383 1345 555 1410 Lanfranci
576 1344 816 1410 cantuariensis
830 1345 1063 1429 archiepiscopi
1077 1368 1218 1424 assensu,
1235 1371 1254 1411 a

197 1445 353 1530 Stigando
367 1448 464 1534 hujus
478 1448 622 1512 ecclesiae
637 1457 715 1512 tunc
727 1447 882 1524 antistite,
891 1447 1152 1512 benedictionem
1161 1451 1252 1512 suam

195 1551 317 1634 absque
331 1551 534 1635 professione
544 1560 762 1616 consecutum.
780 1548 943 1624 Henricus
958 1550 1028 1634 ejus
1043 1550 1252 1628 substitutus,

195 1659 229 1716 et
252 1651 308 1716 alii
331 1675 527 1718 successores
542 1654 612 1738 ejus
626 1653 878 1737 prae'decessores
899 1651 976 1730 mei,
1000 1651 1028 1714 si
1044 1651 1125 1736 qnid
1140 1655 1252 1724 contra

196 1753 381 1818 libertatem
409 1765 443 1819 et
479 1753 670 1838 dignitatem
699 1754 845 1840 ejusdem
875 1753 1031 1834 ecclesiae,
1061 1776 1098 1816 ac
1121 1755 1250 1838 justum

196 1854 291 1935 foret,
323 1857 425 1940 egisse
453 1857 642 1942 probantur,
671 1856 755 1932 nihil
779 1879 851 1920 mea
879 1856 1023 1920 interest.
1073 1855 1147 1940 Ego
1175 1879 1253 1932 vero

196 1957 349 2022 minimus
373 1959 517 2022 omnium
539 1958 588 2022 nil
610 1963 722 2022 contra
743 1959 832 2043 jura
845 1967 879 2021 et
905 1958 1079 2042 dignitates
1108 1958 1252 2030 ecclesiae

196 2069 326 2139 nostrae,
342 2061 400 2124 sed
414 2061 499 2125 salvo
510 2061 585 2146 jure
600 2060 745 2144 ejusdem
760 2059 905 2123 ecclesiae
920 2069 954 2123 et
973 2059 1130 2144 dignitate
1146 2061 1254 2125 omnia

109 2186 113 2190 ·
196 2163 357 2247 peregisse
380 2184 433 2228 me
456 2161 573 2227 recolo.
619 2160 656 2226 Si
678 2183 755 2225 vero
778 2161 814 2224 in
837 2161 1002 2245 aliquibus
1017 2171 1129 2227 contra
1147 2164 1203 2248 jus
1218 2173 1253 2231 et

195 2264 389 2348 dignitatem
417 2264 561 2328 ecclesiae
587 2263 732 2350 ejusdem
761 2273 820 2328 aut
852 2263 1034 2348 ignorantia
1061 2274 1119 2330 aut
1144 2265 1252 2331 animo

196 2366 350 2433 festinato
374 2367 509 2452 deliqui,
532 2367 608 2431 licet
629 2365 711 2430 mihi
725 2366 808 2430 male
824 2376 894 2430 acta
908 2366 943 2430 in
957 2366 1073 2432 melius
1088 2368 1253 2452 aequitatis

195 2469 320 2535 ratione
330 2469 471 2534 dictante
485 2468 679 2533 reformare
705 2467 880 2533 Prudentis
896 2478 945 2532 est
959 2468 1057 2548 enim,
1069 2481 1107 2534 ut
1122 2471 1252 2554 quidam

195 2571 252 2640 ait,
261 2571 296 2636 in
307 2570 446 2636 adversis
456 2571 583 2655 lapsum
595 2570 764 2654 corrigere,
773 2570 809 2634 in
823 2569 984 2655 prosperis
998 2571 1253 2640 moderationem

197 2667 319 2739 tenere.
365 2673 462 2738 Unde
486 2681 520 2736 et
537 2695 597 2756 ego
612 2672 647 2737 in
661 2672 800 2757 negotiis
815 2673 959 2737 ecelesiae
974 2683 1094 2736 nostrae
1108 2674 1253 2738 moderas

199 2777 322 2844 tionem
338 2785 372 2840 et
387 2774 588 2840 discretionis
604 2775 748 2839 modum¹
762 2774 887 2860 ubique
902 2779 1025 2852 tenens,
1042 2775 1077 2840 in
1090 2775 1206 2838 melius
1227 2775 1254 2838 si

198 2902 263 2965 qua
278 2902 298 2943 a
311 2901 363 2942 me
376 2877 428 2944 vel
446 2899 465 2942 a
478 2877 768 2962 praedecessoribus
782 2877 863 2941 meis
878 2889 989 2942 contra
1003 2879 1137 2942 eandem
1153 2877 1253 2942 eccle-

193 2981 277 3046 siam
298 2990 368 3046 acta
389 2989 466 3046 sunt
479 2979 653 3044 reformare
668 2987 820 3064 satagam.
865 2979 991 3044 Verum
1005 2980 1032 3043 si
1047 2980 1128 3064 quid
1143 2991 1253 3044 contra

191 3083 363 3148 ecclesiam
377 3082 459 3146 hanc
480 3081 646 3146 convictus
661 3104 680 3144 a
696 3103 861 3166 quoquam
882 3081 1056 3166 deliquisse
1072 3082 1251 3162 extiterim,

197 3185 398 3260 omnimodis,
414 3184 501 3248 salvo
517 3193 557 3246 ut
571 3183 809 3268 supradiximus
823 3183 945 3247 honore
962 3183 1085 3247 domini
1098 3205 1203 3269 papae,
1220 3196 1254 3248 et

197 3288 319 3354 honore
334 3297 432 3371 atque
446 3285 604 3349 fidelitate
619 3283 742 3348 domini
753 3284 857 3348 nostri
877 3285 962 3370 regis
977 3285 1120 3368 Angliae,
1137 3297 1171 3350 et
1177 3309 1254 3371 vper-

197 3410 286 3454 sonae
309 3398 429 3454 nostrae
452 3397 486 3452 et
509 3386 630 3452 ordinis
653 3386 766 3464 nostri,
789 3386 876 3452 salvo
900 3387 998 3451 etiam
1018 3389 1094 3474 jure
1109 3388 1252 3454 ecclesiae

198 3501 328 3571 nostrae,
346 3514 411 3577 quo
427 3492 562 3556 debeam
577 3499 611 3553 et
626 3512 692 3574 quo
713 3488 824 3553 ordine
840 3488 1042 3556 satisfaciam.

242 3598 264 3634 “
273 3593 415 3659 Vinculo
430 3592 642 3658 anathematis
662 3615 713 3656 me
733 3591 943 3674 constrictum
958 3616 978 3658 a
991 3592 1167 3658 venerabili
1184 3596 1252 3682 epi-

199 3719 295 3782 scopo
310 3706 416 3762 vestro
431 3695 582 3762 asseritis.
621 3695 696 3759 Hoc
709 3695 821 3780 itaque
834 3717 894 3759 nec
907 3718 967 3780 per
975 3695 1169 3782 ‘episcopum
1184 3718 1254 3764 ves·

198 3808 297 3876 trum,
309 3821 416 3882 neque
429 3821 489 3884 per
504 3797 646 3884 aliquem
660 3796 761 3862 alium
774 3797 855 3861 mihi
870 3797 1039 3883 hucusque
1055 3799 1255 3864 insinuatum

199 3923 268 3964 esse
283 3901 448 3984 probatur.
495 3899 595 3965 Quod
613 3899 640 3962 si
654 3899 716 3962 hoc
735 3899 863 3964 veritati
881 3899 1045 3978 innititur,
1059 3901 1158 3967 miror
1176 3903 1254 3985 pru·

176 4085 179 4092 .
199 4002 343 4068 dentiam
357 4010 458 4070 tantae
475 3999 676 4064 discretionis
690 3999 762 4078 viri,
774 4001 873 4064 miror
888 4001 984 4065 etiam
999 4002 1034 4066 in
1049 4001 1109 4065 hoc
1125 4011 1254 4066 senten-

188 4105 279 4176 tiam
291 4104 434 4188 ejusdem
449 4111 516 4168 tarn
529 4101 742 4187 praecipitem,
755 4124 828 4166 cum
838 4101 886 4165 nil
901 4107 1011 4166 contra
1024 4103 1253 4187 praedictarum

200 4215 322 4272 statuta
336 4205 543 4270 ecclesiarum
558 4203 660 4288 egisse
675 4225 727 4266 me
743 4225 762 4269 a
777 4225 942 4292 quoquam
956 4205 1086 4289 probari
1100 4206 1254 4291 possibile

200 4312 252 4378 sit.
297 4310 439 4381 Quod-si
455 4309 528 4396 quis
543 4318 655 4377 eontra
665 4307 727 4372 hoc
744 4329 825 4372 ausu
840 4309 1011 4376 temerario
1026 4309 1087 4381 niti
1103 4311 1253 4394 voluerit,

643 4442 649 4472 ¹
670 4439 779 4509 Nodum,
793 4439 850 4494 MS.

1102 4539 1124 4580 G
