3278 5162
377 528 440 590 116
681 541 852 592 msmnm
874 538 1123 591 wanincus

375 692 518 770 lendum,
534 692 666 757 Bellum
679 693 772 772 adiit,
786 715 884 778 super
902 691 1154 774 transgressione
1174 688 1300 751 veniam
1319 687 1432 772 petiit,

376 818 410 857 se
430 795 477 857 nil
492 795 555 858 tale
569 797 609 858 de
627 807 744 859 caetero
766 805 1002 879 attempturum
1021 802 1221 855 sacramento
1235 791 1270 852 in
1285 789 1431 874 capitulo

376 896 605 959 monachorum
628 920 735 961 coram
756 897 906 960 ommbus
924 895 1072 979 proetito
1090 893 1250 978 promisit,
1273 914 1307 955 se
1331 891 1432 953 etiam

376 998 412 1060 in
436 997 533 1082 plena
556 1000 679 1082 synodo
702 999 877 1083 provinciae
892 1017 960 1060 suae
983 1019 1125 1060 asserens
1150 995 1302 1057 omnibus
1324 992 1432 1077 palam

375 1099 549 1177 sacmrum,
563 1101 724 1164 neminem
739 1101 774 1163 in
789 1100 923 1163 ecclesia
937 1101 978 1163 de
994 1098 1133 1162 Trilawe
1146 1107 1267 1181 praeter
1280 1096 1432 1158 abbatem

376 1211 410 1264 et
432 1202 605 1265 monachos
630 1203 670 1265 de
695 1202 790 1265 Bello
807 1204 864 1287 jus
883 1202 1018 1286 aliquod
1030 1201 1161 1277 habere,
1176 1199 1217 1262 ad
1230 1197 1352 1261 nullius
1366 1196 1432 1258 nisi

375 1303 416 1366 ad
437 1325 549 1365 eorum
563 1305 847 1388 praesentationem
861 1305 1048 1388 quempiam
1065 1301 1132 1365 illic
1150 1300 1281 1363 institui
1300 1299 1430 1361 debere.

377 1404 450 1468 Hac
476 1405 661 1468 conditione
687 1406 815 1468 veniam
844 1405 999 1490 optinuit,
1026 1414 1060 1466 et
1085 1426 1130 1466 ex
1154 1401 1281 1464 abbatis
1301 1410 1336 1462 et
1353 1420 1431 1461 con·

375 1517 493 1570 ventus
517 1507 621 1591 gratia
645 1508 680 1570 in
704 1508 817 1570 eadem
843 1507 977 1570 ecclesia
1001 1506 1198 1581 ministrans,
1228 1513 1263 1565 et
1287 1502 1431 1565 debitam

375 1609 562 1694 pensionem
583 1609 707 1694 integre
727 1610 923 1695 persolvens,
950 1609 1057 1693 quoad
1071 1607 1157 1670 vixit
1172 1616 1211 1668 ut
1225 1605 1321 1668 datur
1333 1601 1432 1666 intel-

376 1711 446 1795 ligi,
462 1710 568 1773 fidelis
581 1714 768 1795 permansit.

217 1839 314 1891 omps
421 1811 502 1876 Post
526 1815 620 1898 cujus
643 1813 818 1893 decessum,
834 1836 909 1876 cum
930 1816 999 1898 jam
1023 1823 1177 1897 regnante
1200 1833 1276 1895 rege
1297 1808 1434 1895 pacifico

212 1889 341 1980 iuianffl’
379 1911 523 1976 Henrico
546 1915 697 1991 secundo,
721 1916 771 1978 vir
789 1915 980 1979 venerabilis
993 1917 1092 1978 abbas
1105 1913 1273 1978 Walterus
1287 1911 1434 1975 ecclesiae

212 2001 292 2030 m.
379 2016 480 2079 sancti
506 2015 643 2079 Martini
665 2017 704 2080 de
730 2017 825 2081 Bello
845 2029 1009 2102 praeesset,
1034 2017 1128 2080 miles
1149 2017 1282 2100 quidam
1302 2015 1434 2098 Haymo

379 2118 553 2182 Peccatum
579 2120 697 2197 dionis,
721 2120 815 2183 fundi
841 2122 1002 2198 dominus,
1023 2122 1079 2205 jus
1103 2129 1293 2204 patronatus
1313 2119 1348 2180 in
1363 2117 1437 2200 ipsa

377 2219 510 2284 ecclesia
532 2221 572 2283 de
598 2221 736 2285 Trilawe
760 2223 941 2301 vendicans,
966 2246 1038 2286 eam
1052 2222 1180 2285 cuidam
1205 2220 1332 2297 clerico,
1348 2218 1435 2281 Wil-

377 2320 474 2383 lelmo
489 2321 610 2384 scilicet
624 2324 664 2386 de
676 2323 794 2400 orbec,
804 2326 921 2388 abbate
935 2337 970 2388 et
983 2335 1146 2388 conventu
1161 2325 1202 2387 de
1214 2323 1309 2385 Bello
1323 2323 1435 2384 incon-

377 2421 472 2486 sultis
495 2424 662 2488 concessit.
708 2424 775 2488 Sed
797 2448 872 2488 cum
893 2427 963 2510 jam
988 2427 1139 2489 omnibus
1159 2435 1319 2488 constaret
1338 2444 1433 2485 omne

371 2524 428 2609 jus
451 2523 553 2608 ipsius
574 2525 719 2589 ecclesiae
740 2526 780 2590 ad
795 2527 945 2590 abbatem
960 2539 994 2590 et
1007 2528 1179 2591 monachos
1196 2527 1236 2590 de
1249 2525 1432 2609 Belloper-

376 2625 491 2705 tinere,
519 2626 622 2690 sciens
642 2627 728 2690 idem
748 2628 841 2692 miles
864 2629 1039 2714 proefatum
1058 2628 1212 2692 clericum
1236 2628 1278 2691 ad
1291 2647 1432 2712 prasen-

376 2729 532 2793 tationem
550 2751 641 2796 suam
656 2742 751 2794 extra
765 2732 994 2797 conscientiam
1008 2732 1135 2795 abbatis
1150 2741 1184 2794 et
1203 2729 1434 2794 monachorum

375 2854 434 2916 per
463 2832 650 2916 episcopum
673 2855 739 2896 non
764 2832 859 2895 facile
885 2834 1132 2911 instituendum,
1162 2855 1181 2896 a
1205 2833 1336 2895 domino
1356 2853 1432 2914 rege

374 2933 501 2997 litteras
536 2934 689 3016 quasdam
722 2935 763 2997 ad
800 2934 987 3020 episcopum
1018 2935 1258 2998 Norwicensem
1298 2932 1434 2996 subdole

376 3034 570 3119 impetravit,
597 3045 635 3098 ut
656 3035 836 3099 antefatum
856 3036 1007 3100 clericum
1028 3038 1069 3100 ad
1089 3037 1192 3122 ipsius
1207 3048 1361 3120 tanquam
1375 3035 1433 3098 do-

375 3135 456 3198 mini
471 3135 566 3199 fundi
590 3138 874 3222 praesentationem
896 3138 1094 3202 institueret.
1141 3139 1241 3206 Quod
1260 3148 1295 3200 et
1308 3137 1431 3200 factum

377 3250 436 3302 cst.
483 3237 595 3302 Sciens
618 3229 694 3303 vvero
717 3239 852 3303 clericus
876 3264 910 3304 se
933 3241 1041 3303 minus
1056 3241 1207 3305 canonice
1230 3241 1430 3317 institutum,

377 3352 411 3405 et
433 3341 468 3403 in
491 3340 641 3404 futurum
667 3362 860 3426 praecavens,
887 3343 1038 3406 abbatem
1064 3343 1105 3405 de
1130 3343 1225 3406 Bello
1248 3341 1432 3405 Walterum

377 3443 467 3519 adiit,
491 3443 669 3526 multisque
688 3445 839 3528 precibus
860 3455 894 3507 et
915 3445 1146 3528 obsequiorum
1166 3442 1433 3530 promissionibus

377 3566 471 3626 agere
486 3544 598 3627 coepit,
615 3566 681 3627 quo
694 3567 753 3629 per
768 3568 843 3608 eum
857 3546 891 3608 in
907 3547 1018 3610 eadem
1031 3547 1166 3610 ecclesia
1180 3546 1433 3621 confirmaretur,

378 3667 436 3707 nec
451 3654 558 3706 tamen
576 3645 729 3728 optinuit.
775 3646 888 3710 Abbas
905 3647 1017 3731 itaque
1038 3671 1103 3711 non
1120 3650 1188 3733 jam
1209 3646 1436 3731 aequanimiter

377 3745 539 3808 sustinens
554 3746 753 3809 commissam
779 3749 841 3810 sibi
865 3749 1030 3814 ecclesiam
1051 3752 1126 3834 jure
1144 3773 1203 3813 suo
1229 3749 1434 3832 aliquatenus

376 3847 506 3933 privari,
530 3869 617 3910 nunc
643 3870 661 3909 a
684 3849 782 3932 regia,
807 3873 892 3914 nunc
908 3852 948 3914 ab
964 3851 1179 3916 ecclesiastica
1193 3851 1283 3914 curia
1292 3850 1433 3936 justitias

376 3949 614 4037 plenitudinem
638 3949 701 4013 sibi
722 3952 820 4035 petiit
839 3953 999 4031 exhiberi,
1023 3953 1098 4017 hinc
1120 3976 1217 4039 super
1237 3952 1352 4016 militis
1366 3952 1435 4015 vio-

376 4052 477 4116 lentia
502 4073 713 4135 conquerens
744 4052 820 4116 inde
849 4076 947 4138 super
976 4053 1085 4120 clerici
1115 4055 1307 4118 intrusione.
1359 4053 1434 4116 Ali-

378 4165 500 4240 quanto
515 4164 659 4237 tempore
680 4176 738 4237 per
759 4153 1030 4219 dissimulationes
1050 4166 1084 4219 et
1107 4155 1310 4239 subterfugia
1332 4156 1435 4239 partis

377 4257 517 4320 adversoe
537 4254 656 4319 frustra
674 4267 875 4340 consumpto,
900 4279 1033 4321 cernens
1048 4258 1146 4322 abbas
1161 4277 1266 4321 causae
1282 4277 1350 4319 suae
1370 4257 1437 4320 dis-

377 4358 531 4445 pendium
556 4356 712 4440 gencrari,
736 4356 860 4421 litteras
878 4359 919 4421 ad
933 4359 1038 4426 virum
1053 4359 1268 4428 venerabilem
1285 4358 1437 4423 Gileber-
