3278 5162
549 594 770 650 nonnarum
796 595 845 648 ur
867 589 991 648 amno}
1245 581 1289 651 97

230 761 303 824 dem
316 761 401 846 regis
415 763 622 842 consistente,
650 765 708 849 qui
724 765 947 830 Gausbertum
970 764 1115 829 ecclesiae
1137 763 1177 828 de
1188 763 1288 828 'Bello

218 863 380 932 abbatem
401 864 542 948 primum
562 887 658 950 super
672 865 722 928 his
736 867 921 944 infestabat,
944 867 1177 930 summouendo
1191 864 1287 929 illum

232 976 271 1028 ut
286 966 446 1048 synodum
459 968 547 1051 apud
558 966 744 1032 cicestriam
752 972 901 1052 peteret,¹
919 978 953 1032 et
966 968 1028 1032 alia
1043 967 1150 1032 omnia
1164 967 1288 1053 episco-

230 1067 318 1150 palia
345 1068 551 1152 persolveret,
579 1069 792 1134 determinata
825 1081 911 1134 sunt.
970 1069 1067 1134 Unde
1104 1081 1137 1134 et
1167 1079 1287 1133 cartam

230 1168 332 1252 ipsius
347 1169 468 1234 domini
482 1170 567 1252 regis
581 1157 679 1255 super
692 1169 753 1234 hoc
767 1171 899 1254 negotio
913 1171 1087 1256 propriam,
1113 1170 1287 1235 Laniranci

235 1270 474 1335 Cantuariensis
498 1263 728 1358 archiepiscopi
754 1283 788 1337 et
802 1273 939 1338 aliorum
961 1274 1192 1338 nonnullorum
1218 1275 1286 1359 epi-

231 1394 409 1456 scoporum,
420 1374 477 1437 sed
492 1385 525 1438 et
540 1375 638 1438 etiam
647 1375 749 1460 ipsius
765 1374 913 1460 Stigandi
924 1374 1132 1439 Cicestreusis
1143 1376 1287 1460 episcopi

233 1473 419 1538 testimonio
463 1476 695 1554 confirmatam,
735 1459 930 1560 praesentem
968 1477 1156 1541 habemus.''
1202 1478 1285 1541 Haec
1299 1487 1430 1579 afflue

230 1575 350 1655 dicens,
376 1578 512 1642 tradidit
532 1590 652 1642 cartam
674 1580 755 1662 regI,
778 1590 877 1662 atque
900 1601 972 1642 eam
991 1601 1076 1643 unus
1094 1601 1137 1642 ex
1152 1579 1286 1656 clericis,
1300 1553 1423 1680 {rvmffl

231 1681 304 1764 ejus
330 1690 427 1758 nutu,
454 1683 604 1746 omnibus
630 1682 837 1747 audientibus
861 1680 1010 1767 perlegit.
1062 1681 1147 1746 Haec
1175 1681 1287 1768 itaque
1300 1686 1445 1740 tothetlber·

231 1781 318 1845 inter
331 1782 394 1846 alia
406 1783 442 1846 in
456 1783 512 1846 illa
526 1783 776 1848 continebantur
791 1794 888 1862 carta,
916 1783 1004 1868 quod
1017 1783 1151 1849 ecclesia
1165 1783 1290 1848 scilicet

234 1882 275 1946 de
291 1883 386 1948 Bello
400 1883 503 1948 libera
517 1885 560 1949 sit
574 1886 705 1950 omnino
720 1909 740 1949 a
763 1886 966 1972 subjectione
982 1886 1196 1950 cicestrensis
1219 1886 1288 1970 epi-

233 1985 337 2069 scopi3
353 2007 459 2071 neque
472 1986 512 2049 ad
524 1988 682 2071 synodum
693 1989 792 2052 abbas
808 1997 1058 2065 summoneatur,
1069 1987 1133 2050 nisi
1146 1987 1215 2072 ipse
1230 2009 1290 2071 pro

233 2085 391 2170 aliquare
412 2098 526 2173 sponte
547 2088 594 2151 ire
613 2089 763 2153 voluerit.
810 2089 874 2152 His
892 2089 1054 2174 perlectis,
1070 2089 1240 2173 episcopus
1256 2110 1290 2151 se

234 2197 354 2250 cartam
381 2187 471 2251 illam
505 2211 673 2272 nunquam
707 2191 824 2254 vidisse
852 2190 904 2255 vel
938 2191 1065 2254 audisse
1100 2191 1289 2268 affirmabat,

234 2303 341 2371 neque
366 2291 516 2354 abbatem
541 2291 604 2356 sibi
627 2291 737 2375 aliquo
760 2293 855 2377 pacto
880 2315 951 2356 eam
974 2293 1115 2377 pandere
1138 2291 1289 2356 voluisse·

235 2390 366 2454 Abbate
388 2392 544 2456 nonnulla
563 2405 674 2458 contra
697 2394 870 2472 obiciente,
893 2417 955 2458 rex
971 2394 1084 2463 eidem
1105 2405 1145 2459 ut
1168 2402 1291 2458 taceret

122 2587 123 2592 η
235 2493 402 2579 praeoepit.
449 2497 471 2530 ‘⁴
486 2495 565 2559 Non
600 2497 717 2575 enim,''
747 2497 867 2580 inquit,
892 2500 914 2532 “
929 2497 990 2560 hoc
1024 2495 1140 2560 amodo
1174 2499 1290 2561 vestrae
1302 2520 1433 2574 manag·

1223 2598 1231 2611 .
1302 2573 1385 2613 remark

236 2595 496 2660 dirationandum
519 2597 680 2662 incumbit
701 2598 896 2682 prudentiae,
921 2599 977 2660 sed
990 2620 1042 2660 me
1056 2598 1107 2660 uti
1121 2619 1290 2682 propnum
1301 2625 1395 2664 aaran.

235 2707 335 2780 atque
358 2698 465 2782 regale
492 2699 577 2761 tueri
601 2699 694 2763 decet
715 2698 894 2782 negotium.
949 2697 1158 2782 Quapropter
1186 2707 1292 2762 vestra

235 2799 366 2862 interim
388 2799 481 2864 sileat
494 2799 689 2879 fraternitas,
710 2800 880 2864 nobishoc
895 2799 1037 2864 evidenti
1051 2799 1176 2880 ratione
1191 2809 1291 2882 atque

234 2901 334 2986 regali
348 2902 548 2986 protectione
563 2903 613 2967 uti
627 2901 794 2988 proprium
809 2901 1110 2966 determinantibus.
1155 2900 1211 2964 Ad
1233 2923 1292 2966 nos

236 3003 347 3088 itaque
361 3004 548 3090 hujusmodi
563 3015 688 3090 spectat
700 3004 824 3089 negotii
839 3002 1022 3068 diffiniti0.”
1059 2999 1178 3067 Multis
1191 3003 1294 3086 igitur

236 3127 333 3190 super
344 3106 396 3170 his
406 3097 481 3170 binc
492 3107 632 3190 indeque
646 3106 776 3183 habitis,
793 3106 922 3169 tandem
937 3104 1066 3168 silentio
1080 3103 1224 3188 inposito
1233 3100 1294 3167 Ri-

237 3207 352 3270 cardus
366 3208 406 3270 de
422 3206 505 3271 Luci
520 3230 653 3291 surgens
667 3229 776 3290 regem
794 3229 872 3270 voce
887 3205 1026 3290 supplici
1041 3205 1198 3282 exoravit,
1215 3225 1295 3287 qua-

237 3305 327 3370 tinus
355 3307 465 3370 abbati
490 3309 530 3372 de
558 3308 651 3372 Bello
674 3308 766 3372 fratri
790 3329 849 3370 suo
878 3327 976 3392 super
1003 3307 1055 3369 his
1077 3306 1295 3390 respondendi

237 3407 409 3472 consilium
424 3431 497 3474 cum
513 3409 622 3472 amicis
637 3408 704 3473 suis
719 3407 874 3472 secretius
893 3407 1011 3471 habere
1031 3406 1154 3472 liceret.
1200 3408 1294 3492 Rege
1304 3434 1365 3475 vnn
1374 3444 1422 3473 eon-

234 3509 286 3572 his
311 3521 486 3588 annuente,
510 3512 667 3575 advocans
691 3510 859 3594 Rogerum
873 3508 1113 3572 Eboracensem
1135 3483 1431 3594 archiepiiiiigifthe

237 3615 395 3697 scopum,2
410 3612 567 3678 Thomam
582 3612 806 3677 cancellarium
819 3610 915 3695 regis,
936 3609 957 3673 J
958 3610 1116 3674 ohannem
1131 3610 1295 3675 thesaura·
1305 3583 1457 3679 &iiiii-ar

234 3714 320 3778 rium
333 3716 546 3782 Eboracensis
560 3716 714 3796 ecclesiae,
730 3715 944 3780 Rotbertum³
972 3713 1125 3778 comitem
1137 3713 1295 3800 Legaces·
1305 3685 1444 3828 {ripptiipd

239 3815 324 3896 triae,
369 3818 547 3882 Patricium
587 3819 738 3883 comitem
783 3815 989 3894 Saresberiae,
1031 3815 1213 3880 Henricum
1256 3816 1296 3879 de
1306 3838 1390 3884 ouen

240 3915 390 3995 Essexia,
432 3919 652 4003 Reginaldum
690 3921 731 3984 de
759 3918 950 3994 Warennia‚
981 3916 1155 3980 warinum
1190 3915 1297 3980 filium

241 4018 389 4098 Geroldi,
401 4031 436 4084 ct
448 4021 586 4084 aliorum
599 4019 829 4086 nonnullorum
839 4020 998 4083 baronum
1010 4026 1045 4079 et
1058 4016 1201 4082 militum
1211 4015 1297 4080 mul-

274 4167 283 4200 ¹
300 4168 349 4220 See
359 4167 449 4235 above,
466 4187 491 4240 p.
505 4173 549 4224 26.
794 4165 951 4220 chroniclers
975 4174 1003 4218 to
1019 4164 1086 4218 have
1101 4165 1168 4218 been
1186 4183 1215 4218 as
1226 4176 1298 4236 great

273 4237 342 4290 ¹R0
360 4256 394 4304 er,
429 4237 579 4310 commonly
602 4237 686 4291 called
717 4238 747 4290 of
795 4255 828 4290 au
844 4253 919 4288 enem
950 4243 977 4286 to
995 4235 1040 4287 the
1057 4235 1150 4288 monks
1163 4235 1236 4289 ashe
1246 4254 1299 4289 was

239 4306 327 4360 Battle
341 4256 447 4379 bridge.
485 4308 538 4361 His
557 4317 615 4380 part
637 4325 670 4360 on
691 4307 745 4360 this
795 4316 824 4360 to
842 4305 887 4386 the
949 4303 1073 4376 cbbisbop
1095 4305 1124 4360 of
1140 4305 1301 4380 Cauterbury

239 4378 360 4430 occasion
378 4379 400 4430 is
421 4378 466 4431 the
486 4395 558 4431 more
582 4388 692 4450 strange,
717 4395 746 4430 as
798 4375 847 4429 aud
859 4375 900 4428 hrs
913 4391 1057 4430 successor.

239 4441 274 4498 he
296 4447 319 4500 is
345 4448 462 4518 reported
486 4449 522 4519 by
549 4457 618 4502 most
649 4447 679 4500 of
702 4447 763 4500 the,
818 4445 1032 4500 ’Blnnc-mnins.

1149 4552 1173 4594 H
