3278 5162
344 539 411 602 104
654 549 827 603 HISTORIA
854 547 1102 601 mnusnoms

341 701 378 765 in
406 721 486 786 pace
514 700 754 786 permaneant.”
814 698 908 762 Timo
937 698 1108 783 episcopus
1134 707 1169 760 et
1196 697 1296 760 abbas
1321 695 1407 780 regis

342 812 508 890 praecepto
523 825 557 866 se
573 802 806 879 deosculantes,
822 800 1064 885 archiepiscopo
1078 798 1172 883 signo
1192 799 1295 862 crucis
1310 820 1408 882 super

342 905 416 972 illos
429 904 580 981 faciente,
598 904 686 989 pacis
701 913 735 968 et
750 902 933 967 dilectionis
946 901 1071 964 foedere
1091 900 1211 986 juncti,
1229 899 1405 964 concordes

342 1006 450 1070 effecti
473 1017 560 1070 sunt.
605 1005 899 1091 Archiepiscopus:
926 1001 1085 1066 “Adhuc
1110 1002 1265 1086 quiddam
1291 1012 1404 1080 restat,

343 1107 431 1192 quod
445 1107 481 1172 in
495 1108 554 1171 hac
568 1107 692 1172 scilicet
705 1108 794 1192 pacis
807 1117 842 1182 et
856 1105 1037 1170 dilectionis
1057 1104 1227 1168 concordia
1239 1104 1407 1168 venerabi-

180 1210 320 1315 ffigylffi
341 1209 382 1274 lis
406 1209 507 1273 frater
535 1209 662 1272 abbatis
687 1209 849 1283 Ricardus
872 1208 912 1271 de
936 1205 1021 1270 Luci
1045 1206 1197 1291 episcopo
1216 1205 1405 1291 jungatur.”
1452 1229 1456 1236 ·

339 1311 412 1380 Qui
423 1312 509 1391 ilico,
521 1333 598 1396 rege
612 1311 835 1396 praecipiente,
846 1319 961 1395 utpote
972 1309 1021 1372 vir
1033 1307 1201 1372 modestiae
1216 1317 1315 1392 atque
1325 1330 1405 1392 pru-

342 1413 463 1476 dentiae
491 1413 613 1476 virtute
641 1411 787 1496 insignis,
816 1412 967 1497 episcopo
995 1410 1085 1496 pacis
1110 1409 1267 1487 osculum,
1292 1408 1406 1472 oblitis

180 1536 284 1577 ruan-
341 1514 565 1589 occasionibus
577 1513 738 1593 omnibus,
752 1514 947 1599 praelibavit
992 1511 1056 1576 His
1071 1512 1183 1596 itaque
1202 1511 1264 1575 rite
1278 1511 1406 1597 perfec-

179 1586 304 1677 ffitf*
341 1615 395 1694 tis,
411 1615 561 1680 omnibus
576 1616 616 1680 de
639 1615 727 1700 pacis
742 1616 914 1680 dilectione
928 1616 1014 1679 inter
1036 1614 1111 1677 illos
1131 1613 1306 1680 hocmodo
1327 1637 1404 1678 con-

341 1717 468 1782 firmata
481 1718 768 1801 congaudentibus,
783 1740 844 1780 rex
865 1718 906 1781 ad
920 1717 983 1780 alia
997 1711 1130 1801 negotia
1149 1738 1208 1779 sua
1227 1715 1302 1779 inde
1316 1738 1406 1779 rece-

343 1819 421 1882 dens
445 1819 587 1882 tetendit
611 1819 817 1903 perficienda
873 1817 988 1882 Abbas
1011 1840 1086 1881 vero
1104 1817 1145 1881 ad
1169 1817 1301 1902 propria
1327 1840 1403 1902 rege

342 1921 536 1984 concedente
561 1943 707 1984 reversus
731 1930 791 1998 est,
807 1919 987 1984 Dominum
1009 1919 1144 1984 Jhesum
1170 1918 1347 1996 Christum,
1370 1929 1405 2002 et

340 2021 557 2086 beatissimam
576 2021 716 2086 Mariam
729 2031 865 2087 matrem
886 2021 1041 2107 ejusdem,
1063 2043 1191 2084 necnon
1213 2036 1247 2084 et
1269 2021 1414 2102 beatum·

343 2122 465 2187 Christi
480 2124 695 2189 confessorem
713 2124 907 2200 Martinam,
924 2124 982 2208 qui
1004 2145 1171 2208 nunquam
1192 2123 1313 2187 deserit
1331 2145 1405 2207 spe·

341 2235 449 2288 rantes
462 2225 498 2290 in
512 2247 557 2303 se,
567 2246 641 2291 cnm
654 2226 721 2291 suis
735 2226 928 2304 collaudans,
943 2235 977 2290 et
992 2225 1110 2310 gaudio
1124 2248 1241 2310 magno
1255 2247 1314 2311 pro
1328 2236 1406 2294 voto

342 2349 402 2390 suo
417 2327 569 2391 exultans
583 2328 713 2413 adepto.

386 2428 460 2492 Hoc
475 2429 576 2513 igitur
589 2429 654 2492 fine
669 2440 704 2494 et
723 2431 862 2496 termino
887 2429 978 2494 finali
1000 2451 1052 2494 res
1077 2429 1140 2493 ista
1165 2430 1222 2494 diu
1246 2430 1282 2494 in
1302 2429 1405 2494 dubio

284 2587 288 2594 .
340 2529 457 2616 posita,
473 2529 508 2593 in
526 2531 700 2615 praesentia
715 2531 838 2595 domini
862 2531 964 2595 nostri
985 2531 1070 2616 regis
1095 2530 1232 2595 Henrici
1257 2533 1403 2610 secundi,

339 2640 500 2716 praesente
541 2631 639 2696 etiam
673 2632 862 2696 Theobaldo
894 2631 1119 2696 Cantuariensi
1152 2633 1403 2719 archiepiscopo,

340 2734 471 2818 Rogero
501 2733 699 2799 Eboracensi
727 2735 978 2820 archiepiscopo,
1007 2734 1151 2799 Ricardo
1180 2735 1405 2800 Lundoniensi

339 2837 502 2923 episcopo,
519 2835 681 2900 Rotberto
696 2836 916 2900 Lincolniensi
931 2836 1093 2922 episcopo,
1109 2837 1271 2902 Rotberto
1287 2838 1403 2903 Exon-

339 2941 421 3004 iensi
450 2941 615 3026 episcopo,
642 2938 798 3003 Silvestro
824 2940 941 3002 abbate
975 2941 1077 3003 sancti
1107 2939 1287 3024 Augustini
1318 2941 1403 3006 Can·
1463 2956 1467 2962 '

339 3042 466 3121 tuariae,
498 3042 675 3106 Gausfrido
704 3042 822 3106 abbate
847 3041 1030 3120 Holmensi,
1063 3042 1189 3106 Thoma
1214 3043 1404 3107 cancellario

338 3144 434 3229 regis,
451 3144 614 3210 Rotberto
625 3144 741 3208 comite
757 3142 984 3227 Legacestriae,
1002 3143 1144 3208 Patricio
1159 3145 1276 3208 comite
1293 3144 1403 3208 Seres·

338 3246 450 3325 beriae,
484 3245 628 3310 Henrico
658 3246 698 3309 de
726 3245 875 3325 Essexia,
904 3246 989 3330 regis
1018 3246 1162 3324 tribuno,
1195 3247 1336 3310 Ricardo
1362 3247 1403 3311 de

340 3347 434 3428 Luci,
451 3348 634 3434 Reginaldo
649 3348 689 3412 de
704 3346 880 3425 Warenna,
897 3347 1047 3412 Guarino
1062 3348 1130 3411 filio
1147 3347 1295 3426 Geroldi,
1318 3367 1404 3434 prae·

340 3461 431 3515 sente
448 3473 579 3535 quoque
594 3451 665 3534 ipso
682 3448 875 3514 cicestrensi
890 3449 1040 3533 episcopo
1066 3448 1207 3527 Hilario,
1231 3459 1265 3512 et
1287 3452 1403 3514 eodem

340 3552 456 3616 abbate
480 3551 714 3638 praenominato
733 3551 893 3628 Waltero,
909 3561 944 3614 et
967 3551 1039 3614 aliis
1064 3561 1130 3615 tam
1154 3551 1278 3615 clericis
1305 3574 1403 3636 quam

340 3653 430 3717 laicis
444 3653 566 3729 multis,
581 3674 601 3715 v
615 3651 769 3715 kalendas
783 3651 805 3714 J
805 3653 876 3722 um'i
896 3653 984 3738 apud
1008 3652 1237 3717 colecestriam
1252 3654 1404 3718 determi-

340 3765 417 3819 nata
432 3763 492 3819 est.

178 3884 298 3927 mamad.
385 3857 441 3921 Ad
456 3855 701 3942 exprimendam
714 3855 776 3918 viri
790 3856 982 3920 venerabilis
997 3857 1124 3921 abbatis
1138 3857 1288 3934 Walteri,
1306 3879 1404 3942 quam

179 3935 316 4048 palleri‘ngil
341 3981 401 4044 pro
416 3958 593 4023 commissae
609 3957 672 4021 sibi
693 3957 838 4022 ecclesiae
861 3958 1012 4023 libertate
1036 3961 1158 4023 tuenda
1183 3959 1333 4024 exercuit
1354 3960 1405 4023 in·

179 4047 324 4139 iie'iiffl
342 4071 479 4128 stantem
509 4060 772 4138 sollicitudinem,
803 4061 943 4125 sufficiat
960 4062 1128 4126 =haetenus
1166 4062 1229 4126 ista
1268 4062 1402 4127 dixisse.

180 4136 213 4176 ¹¹¹¹
226 4140 311 4181 ‘hum'
343 4163 383 4228 In
399 4164 519 4248 quibus
534 4173 615 4248 quot
630 4164 772 4248 corporis
792 4164 993 4241 vexationes,
1010 4174 1092 4249 quot
1106 4163 1205 4227 animi
1221 4164 1404 4228 anxietates

341 4270 530 4356 priusquam
553 4270 614 4333 hoc
631 4269 696 4334 fine
720 4269 1000 4349 concluderentur,
1018 4280 1099 4355 quot
1120 4271 1218 4335 etiam
1245 4292 1404 4356 expensa-

340 4394 413 4436 rum
429 4371 596 4457 dispendia
615 4372 817 4449 sustinuerit,
833 4395 929 4438 nemo
944 4384 993 4438 est
1016 4373 1074 4458 qui
1098 4371 1193 4437 facile
1216 4374 1320 4458 possit
1344 4395 1403 4439 ex·
