3240 5154
518 545 741 598 uounsruarr
768 545 817 596 nr
842 545 967 630 Burro.
1206 530 1268 602 147

214 696 365 760 veniendi
384 699 533 783 arripuit,
543 697 772 762 interminante
788 697 835 760 eis
850 697 998 762 rmiversa
1009 697 1270 781 congregatione,

214 821 256 860 ne
281 821 478 884 quemquam
500 811 620 885 praetcr
641 821 794 884 personas
817 798 852 862 in
872 821 952 882 quas
967 801 1181 864 communiter
1195 824 1271 865 con-

214 912 381 965 senserant
408 903 644 968 admittendum
667 912 910 987 praesumerent.
955 901 1137 968 Venientes
1165 926 1270 988 usque

216 1001 433 1068 Wedestoche
454 1005 507 1070 die
522 1005 746 1084 determinato,
768 1005 1011 1068 multitudinem
1025 1005 1170 1088 priorum
1184 1007 1271 1072 simi·

215 1104 290 1170 liter
305 1128 379 1172 cum
403 1107 566 1172 monachis
589 1108 656 1171 suis
679 1107 756 1172 illuc
771 1117 957 1172 vocatorum
982 1107 1176 1174 invenerunt
1195 1132 1270 1173 con-

214 1217 387 1292 gregatam.
446 1207 708 1295 Expectantibus
743 1209 892 1274 omnibus
923 1209 1125 1274 vocationem
1166 1233 1268 1291 suam,

215 1331 287 1372 ecce
307 1309 405 1394 primi
430 1311 540 1376 adesse
560 1311 643 1396 jussi
667 1320 755 1390 sunt,
776 1312 927 1375 abbatem
951 1311 1097 1390 electuri,
1123 1313 1211 1397 prior
1235 1325 1269 1378 et

213 1411 361 1476 monachi
386 1413 487 1476 sancti
508 1411 646 1478 Martini
671 1413 710 1475 de
738 1411 843 1490 Bello,
866 1412 1143 1497 procedentesque
1172 1416 1269 1499 primi

212 1513 297 1577 intra
320 1525 429 1599 portas
447 1515 562 1599 regias,
582 1515 709 1580 caeteris
732 1515 812 1578 foris
836 1515 1098 1599 expectantibus,
1120 1527 1196 1580 sunt
1219 1519 1268 1582 in-

151 1670 158 1678 .
212 1617 366 1694 troducti,
382 1640 417 1681 ac
440 1618 474 1681 in
496 1617 702 1702 praesentiam
721 1616 884 1680 Gileberti
906 1615 1085 1682 Londoniae
1101 1619 1268 1704 episcopi,¹

214 1728 248 1781 et
262 1720 462 1803 quarundam
486 1719 621 1784 aliarum
634 1741 854 1804 personarum,
871 1741 951 1803 quas
965 1720 1007 1782 ad
1020 1743 1133 1786 eorum
1147 1721 1269 1786 animos

214 1820 418 1905 indagandos,
441 1821 493 1886 vel
507 1822 616 1906 potius
638 1822 678 1886 ad
693 1844 747 1886 eos
762 1821 803 1884 ad
826 1821 923 1905 regiae
945 1821 1121 1890 voluntatis
1137 1847 1269 1888 consen·

215 1945 286 1988 sum
310 1921 521 2001 inducendos,
546 1947 607 1987 rex
632 1935 666 1988 et
689 1923 949 2008 archiepiscopus
973 1923 1168 2004 direxerant,
1193 1939 1270 1993 sunt

213 2025 371 2109 perducti.
417 2025 577 2090 Sciscitati
601 2035 677 2089 sunt
700 2025 767 2089 11110
791 2025 1015 2110 praesidentes,
1040 2025 1067 2090 si
1091 2027 1268 2090 secundum

214 2138 400 2212 susceptum
413 2127 499 2212 regis
510 2137 544 2192 et
563 2126 795 2212 archiepiscopi
804 2127 992 2191 mandatum
1003 2127 1153 2191 instructi
1164 2129 1268 2192 venis-

213 2239 295 2307 sent,
321 2230 350 2292 si
373 2229 497 2293 litteras
518 2230 557 2294 de
572 2251 730 2294 consensu
753 2228 972 2294 universitatis
994 2225 1071 2306 suae,
1095 2252 1162 2314 quo
1177 2231 1268 2315 quic·

214 2331 294 2415 quid
318 2332 385 2396 illic
400 2355 458 2418 per
478 2342 653 2418 praesentes
674 2332 778 2410 fieret,
802 2355 822 2396 a
844 2355 910 2396 non
934 2333 1147 2416 praesentibus
1161 2343 1268 2398 ratum

211 2432 396 2512 haberetur,
412 2435 604 2500 detulissent
617 2459 625 2512 ;
650 2433 678 2497 si
701 2433 735 2498 in
750 2433 893 2518 aliquam
906 2457 1076 2520 personam
1091 2437 1268 2512 consensis

212 2546 293 2601 sent.
339 2536 627 2621 Respondentibus
642 2535 707 2598 illis
718 2535 759 2600 ad
773 2537 910 2622 singula,
926 2559 1001 2601 cum
1016 2537 1148 2622 quidem
1163 2539 1268 2602 scisci·
1277 2557 1417 2618 murnum.

212 2637 357 2701 tentibus
372 2646 456 2702 esset
469 2637 505 2700 in
519 2637 645 2701 caeteris
668 2635 879 2716 satisfactum,
903 2659 1111 2723 personarum
1133 2639 1168 2702 in
1188 2623 1268 2724 quas
1276 2609 1396 2710 {iiiiii

211 2749 425 2804 convenerant
466 2738 617 2804 electioni
653 2759 763 2822 regem
800 2761 866 2802 non
895 2739 1075 2802 consentire
1105 2739 1266 2820 dicebant,

212 2842 422 2928 quippedum
436 2865 502 2906 una
524 2864 634 2908 earum
648 2840 712 2904 sibi
727 2841 858 2906 omnino
878 2852 962 2906 esset
975 2839 1150 2924 incognita,
1166 2841 1268 2906 altera

210 2945 317 3010 minus
332 2954 474 3030 accepta,
490 2968 549 3010 nec
564 2944 647 3008 velle
662 2966 772 3028 regem
786 2943 878 3030 regni
893 2943 944 3008 sui
959 2943 1098 3008 honores
1114 2945 1267 3029 cuiquam

210 3047 363 3125 tribuere,
380 3069 478 3132 quem
493 3069 551 3110 seu
565 3047 673 3110 minus
687 3055 802 3110 notum
822 3069 880 3110 seu
901 3056 1087 3130 suspectum
1102 3047 1266 3112 videretur
1282 3046 1284 3050 ’

210 3148 340 3212 habere.
392 3148 484 3212 Alias
506 3149 617 3232 itaque
642 3169 795 3232 personas
818 3170 956 3231 quarum
981 3149 1180 3232 promotioni
1205 3173 1266 3214 rex

209 3271 374 3313 assensum
387 3250 549 3333 praeberet
570 3271 624 3312 eos
645 3247 809 3312 nominare
824 3249 1010 3326 monebant,
1026 3259 1131 3334 utque
1148 3272 1202 3312 eos
1225 3253 1265 3315 de

209 3350 376 3416 voluntate
391 3349 475 3434 regis
489 3349 617 3436 plenius
631 3349 839 3426 instruerent,
855 3349 964 3433 plures
979 3349 1025 3412 eis
1039 3349 1265 3416 nominetenus

209 3455 443 3539 proponebant,
459 3475 545 3526 nunc
568 3453 728 3518 minarum
751 3451 979 3536 asperitatibus
998 3453 1039 3516 ad
1062 3454 1263 3518 consentien-

208 3558 287 3621 dum
316 3566 480 3641 urgentes,
506 3577 592 3620 nunc
624 3555 796 3618 verborum
826 3553 993 3618 blanditiis
1019 3555 1260 3640 persuadentes.

210 3659 347 3724 Stabant
361 3658 396 3722 in
415 3681 474 3722 sua
493 3681 552 3743 pro
566 3656 689 3722 viribus
712 3656 773 3720 fixi
794 3655 956 3720 sententia
974 3656 1064 3742 prior
1079 3669 1114 3722 et
1135 3657 1261 3740 fratres,

207 3785 306 3847 seque
329 3773 424 3826 extra
440 3785 478 3826 ea
501 3762 536 3826 in
559 3762 679 3847 quibus
699 3759 885 3824 monasterii
909 3759 960 3824 sui
979 3761 1171 3824 universitas
1187 3785 1262 3826 con-

208 3873 360 3940 senserat,
392 3864 519 3949 sibique
544 3863 691 3927 facienda
712 3862 902 3948 injunxerat
915 3862 998 3925 nihil
1022 3886 1116 3948 posse
1137 3885 1261 3947 praesu-

207 3987 294 4028 mere
309 3975 524 4042 asseruerunt,
540 3965 681 4030 maxime
694 3975 805 4028 autem
821 3963 973 4027 electioni
989 3986 1197 4048 personarum
1220 3967 1260 4028 ab

207 4067 254 4132 eis
276 4067 513 4130 nominatarum
539 4089 572 4129 se
597 4065 783 4130 nullatenus
806 4065 1024 4149 adquiescere,
1050 4065 1172 4150 quippe
1187 4089 1262 4130 cum

242 4240 484 4294 ¹Gilbertr01i0t.
522 4240 563 4294 He
580 4259 632 4294 was
653 4250 707 4294 act-
759 4249 879 4308 tocourt,
892 4241 919 4294 in
932 4241 1005 4294 order
1017 4250 1044 4295 to
1056 4242 1162 4313 appoint
1171 4243 1262 4298 abbots

205 4311 249 4380 ing
261 4311 288 4364 in
307 4310 461 4433 conformipp
473 4310 535 4366 with
555 4311 596 4364 his
614 4311 709 4392 princi·
760 4311 789 4364 of
806 4311 847 4364 his
865 4329 922 4364 own
937 4312 1057 4366 creation.
1094 4313 1142 4365 See
1161 4313 1262 4382 Diceto,

205 4381 269 4451 ples.
300 4380 433 4450 Henryha
461 4390 518 4434 sent
527 4381 566 4433 for
575 4381 618 4434 the
626 4398 708 4452 pnors
759 4399 803 4452 pp.
816 4381 876 4449 567,
889 4382 949 4436 587.

1105 4481 1156 4529 02
