3278 5162
364 593 367 600 ’
427 626 430 632 -
525 589 752 643 nonnarum
777 588 827 638 DE
852 585 976 638 BELLO.
1207 569 1269 631 109

218 747 360 811 habente
376 746 507 810 adversa
520 754 611 830 parte
627 743 707 828 quid
720 740 938 827 responderet,
964 737 1085 822 quippe
1108 758 1183 800 cum
1205 759 1273 799 car·
1284 755 1418 847 poema

221 859 288 913 tam
311 847 464 911 falsitatis
486 869 546 912 nec
570 846 704 910 auderet
725 866 785 907 nec
807 851 916 928 posset
941 861 1085 924 arguere,
1109 838 1274 922 quianon
1402 835 1409 855 '

219 960 329 1036 posset
342 951 489 1035 probare,
505 948 649 1012 unanimi
664 968 822 1011 consensu
841 943 942 1007 totius
957 941 1055 1006 cmiae
1069 941 1168 1025 regiae
1182 942 1274 1027 adju-

221 1053 363 1116 dicatum
383 1061 443 1130 est,
467 1049 577 1114 abbati
601 1060 635 1112 et
660 1047 804 1112 ecclesiae
830 1044 933 1108 sancti
955 1043 1093 1108 Martini
1113 1044 1152 1107 de
1179 1042 1273 1106 Bello

222 1155 329 1218 omnia
343 1155 458 1218 debere
473 1151 613 1230 restitui,
630 1173 705 1236 quae
721 1158 818 1213 cartae
833 1167 900 1211 suae
915 1146 1068 1230 exigebat
1078 1145 1272 1209 testimonio.

224 1255 364 1321 Cernens
389 1255 490 1339 igitur
520 1253 710 1318 Gilebertus
734 1252 774 1314 de
804 1249 924 1314 Baillol
953 1272 986 1312 se
1016 1259 1203 1312 tenemento
1233 1249 1273 1311 do

221 1357 429 1423 Bernehorne
445 1378 513 1419 esse
523 1354 726 1431 destitutum,
736 1353 771 1416 in
786 1352 930 1416 omnium
940 1352 1085 1414 obsecrat
1099 1351 1274 1427 audientia,

220 1459 334 1524 catalla
355 1458 469 1522 militis
489 1457 540 1521 sui
564 1456 621 1542 qui
644 1457 732 1520 idern
755 1463 977 1518 tenementum
1000 1453 1040 1516 de
1067 1475 1106 1515 eo
1126 1462 1276 1517 tenuerat

220 1562 281 1626 sibi
306 1561 382 1625 inde
404 1559 549 1623 tollenda
568 1557 721 1642 relinqui.
767 1554 929 1619 Dominus
948 1577 1009 1617 rex
1030 1554 1071 1617 ad
1084 1553 1167 1616 hanc
1190 1555 1275 1638 peti-

219 1665 342 1728 tionem
366 1661 574 1746 respondens‚
608 1663 630 1694 “
646 1659 724 1723 Non
749 1655 909 1742 poteras,”
931 1654 1052 1740 inquit,
1086 1659 1108 1689 “
1123 1655 1275 1719 manifes-

220 1763 286 1826 tius
311 1760 467 1837 confiteri,
492 1781 590 1844 quam
612 1757 674 1821 hoc
699 1757 852 1842 petendo,
877 1766 910 1820 te
924 1756 1052 1819 nullum
1069 1757 1126 1841 jus
1140 1755 1175 1818 in
1190 1767 1276 1820 terra

220 1864 278 1927 illa
305 1861 454 1926 habere.”
513 1859 712 1945 Monuitque
736 1881 808 1938 rex,
846 1868 885 1922 ut
913 1857 1028 1922 catalla
1056 1858 1103 1922 eis
1132 1857 1275 1923 dimitte-

221 1974 345 2028 rentur.
403 1961 458 2026 Ad
485 1962 570 2046 regis
597 1961 699 2046 igitur
728 1961 901 2045 imperium
925 1960 1011 2024 fiunt
1037 1959 1157 2025 litterae
1185 1962 1276 2046 regio

222 2066 328 2151 sigillo
343 2064 488 2148 signatae,
512 2065 554 2127 ad
568 2073 708 2148 quatuor
722 2062 842 2126 milites
867 2063 925 2146 qui
940 2072 1018 2126 tunc
1033 2085 1077 2126 ex
1100 2065 1171 2148 ejus
1192 2087 1277 2149 prae-

222 2179 317 2253 cepto
331 2166 589 2230 vicecomitatum
605 2165 791 2229 Suthsexiae
806 2165 962 2248 regebant
976 2165 1111 2228 celerius
1134 2152 1277 2245 directae,

156 2275 160 2282 '
223 2280 264 2333 ut
287 2270 409 2352 absque
433 2267 587 2331 dilatione
602 2277 721 2330 terram
745 2289 841 2351 quam
862 2267 959 2330 abbas
974 2267 1014 2330 de
1029 2267 1122 2331 Bello
1140 2267 1175 2330 in
1190 2269 1280 2332 ouria

223 2393 282 2435 sua
295 2393 402 2435 eoram
417 2392 456 2433 eo
479 2369 737 2446 dirationaverat,
759 2368 883 2433 scilicet
908 2378 973 2432 tres
995 2368 1102 2433 wistaa
1123 2379 1219 2434 terrae
1243 2371 1279 2434 in

225 2472 445 2549 Bemehorne,
472 2493 546 2534 cum
561 2478 631 2534 toto
656 2470 802 2548 marisco,
830 2481 864 2534 et
886 2470 1042 2534 decimam
1057 2473 1218 2556 quandam
1238 2474 1280 2536 de

226 2573 396 2652 Booholte‚
413 2571 556 2636 ecclesiae
579 2571 681 2634 sancti
708 2571 844 2634 Martini
873 2573 913 2635 de
938 2573 1032 2636 Bello
1057 2574 1277 2654 restituerent,

225 2687 293 2740 tam
306 2675 432 2758 integre
444 2683 554 2737 ettam
567 2672 721 2757 plenarie,
737 2682 802 2735 tam
816 2673 917 2737 libere
929 2684 963 2736 et
975 2674 1085 2759 quiete
1097 2677 1278 2754 tenendam,

224 2779 312 2842 siout
326 2775 525 2861 temporibus
547 2775 632 2859 regis
648 2774 785 2838 Henriei
807 2774 859 2838 avi
883 2776 933 2838 sui
948 2785 1031 2839 teste
1047 2785 1133 2839 carta
1159 2799 1217 2840 sua
1231 2787 1280 2840 te-

224 2888 373 2956 nuerant,
389 2877 555 2962 designata
576 2877 667 2961 priu's
682 2886 768 2940 terra
780 2876 860 2961 ipsa,
885 2888 919 2940 et
943 2876 1088 2941 terminis
1112 2879 1182 2964 ejus
1206 2901 1280 2964 per-

225 2981 343 3064 agratis
369 3001 428 3064 per
449 2977 620 3043 duodecim
641 2978 726 3042 viros
746 2978 856 3042 fideles
875 2979 915 3042 de
930 2979 1049 3042 vicinio
1072 2979 1175 3064 ipsius
1190 2991 1281 3044 tene-

226 3082 329 3148 menti
345 3080 402 3166 qui
416 3090 519 3146 metas
534 3081 604 3165 ejus
618 3080 748 3158 scirent,
770 3091 805 3144 et
819 3079 953 3164 obligati
977 3093 1175 3146 sacramento
1197 3083 1281 3146 veri·

225 3195 327 3248 tatem
355 3182 508 3246 dicerent.
569 3181 646 3248 Quo
676 3191 825 3266 suscepto
857 3182 1020 3261 mandato,
1049 3183 1210 3247 Ricardus
1240 3186 1279 3248 de
1293 3195 1423 3256 esdron*

226 3285 383 3350 Cbaaines
408 3282 465 3366 qui
490 3304 576 3345 unus
597 3292 666 3346 erat
690 3305 733 3346 ex
747 3282 830 3346 iiiior.
845 3282 1006 3346 militibus
1020 3283 1279 3348 vicecomitatum
1292 3257 1407 3337 ffim

227 3385 414 3451 Suthsexiae
440 3395 519 3448 tuno
542 3383 696 3468 temporis
730 3383 931 3468 regentibus,
961 3385 1121 3448 sociorum
1149 3409 1281 3450 suorum

225 3489 288 3553 sibi
301 3487 372 3552 vice
388 3486 564 3563 commissa,
587 3485 780 3571 jamdictum
806 3495 1027 3550 tenementum
1052 3487 1144 3566 adiit,
1169 3511 1279 3572 sump-

225 3602 325 3677 toque
340 3599 407 3654 tam
431 3589 471 3652 ab
494 3588 680 3653 bominibus
706 3588 851 3673 ejusdem
865 3589 1044 3653 tenementi
1069 3613 1166 3675 quam
1190 3601 1224 3655 et
1238 3591 1278 3654 ab

223 3694 274 3758 his
300 3692 359 3778 qui
383 3692 419 3755 in
434 3693 506 3778 ejus
520 3691 660 3755 confinio
674 3690 865 3755 habitabant
885 3701 1094 3772 sacramento,
1116 3694 1278 3778 metisque

224 3794 409 3880 designatis,
435 3795 585 3859 abbatem
610 3804 643 3858 et
666 3793 832 3858 ecclesiam
846 3793 949 3857 sancti
964 3793 1100 3858 Martini
1121 3795 1161 3858 de
1184 3795 1278 3859 Bello

224 3897 299 3960 inde
313 3894 487 3960 investivit

266 3996 473 4080 Recuperata
493 3995 556 4060 hoc
581 3996 687 4074 modo,
706 3996 784 4060 licet
807 4018 881 4059 cum
895 3996 1004 4059 labore
1020 4006 1053 4059 et
1074 3997 1276 4078 difficultate,
1291 4016 1435 4070 υῑιριιωπῑιιι

222 4096 377 4182 saepefata
390 4106 485 4174 terra,
497 4098 630 4181 jamque
643 4107 683 4160 ut
695 4097 874 4182 putabatur
888 4097 1002 4182 sopitis
1017 4099 1178 4176 omnibus,
1202 4122 1276 4164 oum
1290 4069 1402 4182 libid?

222 4212 347 4268 remota
356 4200 444 4264 omni
458 4200 650 4284 calumpnia,
666 4200 787 4264 nullius
802 4223 871 4264 esse
886 4201 1049 4264 videretur
1063 4202 1139 4265 mali
1155 4203 1189 4266 in
1202 4227 1275 4290 pos·
1288 4177 1406 4312 {iffi

223 4315 330 4368 terum
358 4302 509 4388 suspicio,
548 4302 733 4370 Robertus¹
753 4302 885 4386 quidam
920 4303 959 4366 de
996 4303 1169 4369 Yclesham
1203 4329 1276 4370 cum
1288 4321 1344 4361 land·

223 4416 325 4470 matre
352 4428 410 4490 sua
430 4404 567 4468 Matilde
598 4403 759 4488 quoddam
773 4414 902 4488 pratum
916 4404 1001 4468 infra
1015 4406 1171 4471 ambitum
1186 4419 1278 4471 tene·
