3240 5154
656 515 851 566 arrnunrx.
1222 501 1282 568 191

234 686 355 744 manso,
371 667 566 744 hominibus,
586 664 754 750 homagiis,
774 663 966 742 redditibus,
983 673 1017 727 et
1035 662 1161 746 integre
1178 661 1285 726 omnia

234 769 452 850 undecunque
472 767 688 844 obvenientia,
714 789 773 830 seu
796 766 1055 850 quandocunque
1079 765 1115 827 in
1130 765 1286 850 dictapa·

233 869 344 933 rochia
358 869 519 933 addictam
535 868 700 932 ecelesiam
714 868 903 954 spectantia,
919 877 1126 953 preterquam
1148 867 1286 930 decimas

220 971 403 1034 bladorum
427 982 461 1034 et
491 969 702 1054 leguminum,
726 979 825 1054 prout
854 969 1069 1054 prescriptum
1099 967 1286 1032 est-Item

234 1072 391 1156 percipiet
420 1073 527 1136 dictus
549 1073 686 1136 vicarius
710 1091 739 1135 c.
766 1071 823 1134 sol.
845 1093 968 1135 annuos
994 1071 1034 1134 de
1057 1071 1161 1135 bladis
1187 1071 1292 1152 dictae,

156 1229 163 1242 ,
236 1174 379 1237 ecclesiae
402 1196 461 1258 per
481 1196 596 1237 manus
618 1175 778 1238 dictorum
796 1173 1020 1257 religiosorum
1034 1195 1108 1236 cum
1129 1195 1194 1236 una
1216 1173 1286 1258 pel-

233 1274 314 1339 licea
327 1287 360 1339 et
375 1275 456 1339 cotis
470 1275 779 1340 decentibus-Dat.
794 1294 826 1337 Δ.
838 1295 871 1339 n.
888 1275 982 1338 1251.
1005 1319 1012 1336 .
1037 1321 1044 1336 .

740 1478 777 1541 X

234 1657 420 1740 Compositio
435 1657 519 1718 inter
533 1676 588 1718 nos
602 1663 631 1716 ct
645 1654 824 1717 Ecclesiam
838 1651 876 1716 de
895 1651 1287 1754 (liceatne-Rapinium

613 1757 652 1819 de
665 1755 769 1833 Bello,
784 1777 816 1839 p.
836 1755 907 1820 164.

277 1929 284 1943 .
308 1926 316 1943 .
339 1926 347 1943 .
372 1880 421 1944 Ut
444 1881 512 1946 scil.
529 1880 651 1944 electus
667 1881 706 1942 de
723 1879 817 1943 Bello
833 1879 891 1963 qui
905 1901 964 1964 pro
979 1889 1126 1962 tempore
1151 1878 1286 1943 benedi·

235 1984 353 2046 condus
367 1982 468 2046 fuerit
487 1981 747 2046 benedictionem
765 1990 857 2066 petat
882 1991 916 2045 et
929 1979 1065 2066 recipiat
1079 1980 1120 2044 ab
1136 1980 1285 2065 episcopo

236 2085 293 2169 qui
308 2109 367 2169 pro
381 2094 527 2168 tempore
542 2083 692 2148 fueritin
716 2082 849 2146 ecclesia
870 2079 1046 2161 cicestriae,
1070 2092 1104 2146 et
1124 2081 1159 2145 in
1174 2083 1286 2146 eadem

234 2187 367 2250 ecclesia
393 2186 602 2251 benedicatur
625 2184 756 2248 electus.
801 2182 901 2258 Quod
922 2184 950 2247 si
972 2184 1142 2269 episcopus
1165 2183 1285 2248 ibidem

235 2311 310 2352 eum
329 2289 518 2353 benedicere
541 2287 695 2365 noluerit,
718 2286 754 2349 in
776 2285 839 2349 alio
867 2285 938 2350 loco
960 2286 1170 2350 benedicatur
1189 2309 1287 2370 quem

235 2390 431 2454 unanimiter
445 2389 603 2474 elegerint
618 2389 786 2474 episcopus
801 2397 836 2450 et
853 2387 975 2451 electus
995 2398 1133 2473 excepta
1155 2387 1289 2452 ecclesia

234 2491 419 2555 monasterii
449 2491 489 2554 de
522 2490 626 2555 Bello.
679 2489 815 2552 Electus
843 2511 919 2552 vero
946 2488 1180 2575 professionem
1205 2489 1290 2574 epis·

237 2616 318 2676 copo
337 2592 446 2670 faciat,
470 2613 537 2654 non
560 2601 669 2654 tamen
690 2590 788 2654 liceat
812 2590 963 2675 episcopo
982 2577 1046 2676 per·
1055 2591 1287 2676 professionem

236 2693 423 2778 hujusmodi
451 2693 486 2755 in
508 2690 740 2755 monasterium
769 2691 821 2755 vel
846 2691 996 2754 abbatem
1030 2714 1087 2756 seu
1116 2691 1288 2756 monachos

237 2795 381 2880 ejusdem
405 2793 590 2858 monasterii
613 2794 669 2878 jus
694 2794 746 2856 vel
765 2792 1024 2878 jurisdictionem
1053 2793 1116 2859 sibi
1147 2792 1290 2878 aliquam

235 2897 402 2961 vendicare
421 2896 485 2960 nisi
500 2919 575 2982 quae
593 2895 824 2974 subscribitur;
848 2905 882 2958 et
900 2895 1130 2960 installandum
1150 2895 1289 2960 auctori-

236 3011 302 3064 tate
326 3023 384 3063 sua
408 3021 466 3084 per
484 2999 627 3084 priorem
646 2998 748 3083 ipsius
762 2998 948 3062 monasterii
970 2998 1114 3063 remittat
1139 2998 1288 3062 eundem.

238 3101 290 3164 De
315 3101 455 3164 triennio
477 3123 607 3184 quoque
631 3101 666 3162 in
689 3099 867 3163 triennium
884 3101 924 3164 ab
939 3101 1057 3164 abbate
1079 3111 1113 3165 et
1125 3097 1288 3165 conventu

236 3201 375 3287 predicti
387 3201 573 3265 monasterii
590 3200 755 3264 Cicestriae
779 3202 947 3286 episcopus
961 3202 1157 3285 requiratur,
1173 3213 1212 3267 ut
1230 3226 1289 3288 per

237 3304 379 3388 aliquem
394 3303 568 3366 discretum
589 3301 780 3364 monachum
804 3302 966 3366 dioceseos
982 3302 1148 3368 Cicestriae
1162 3305 1290 3369 ordines

240 3405 278 3468 B.
294 3405 464 3468 Benedicti
479 3413 513 3468 et
525 3403 656 3467 habitus
672 3404 861 3482 eorundum,
885 3415 919 3468 et
935 3405 992 3489 qui
1007 3406 1054 3469 eis
1075 3429 1140 3470 non
1163 3407 1206 3470 sit
1220 3429 1289 3470 sus·

237 3517 362 3594 pectus,
378 3507 553 3570 secundum
567 3528 678 3569 eorum
701 3506 947 3571 constitutiones
962 3517 995 3572 et
1009 3509 1201 3593 approbatas
1216 3531 1292 3572 con·

238 3608 437 3686 suetudines‚
458 3609 574 3672 abbate
593 3617 627 3671 et
643 3618 804 3672 conventu
825 3609 978 3694 predictis
998 3611 1061 3674 sibi
1075 3611 1176 3675 alium
1191 3634 1289 3696 quem

238 3711 401 3775 voluerint
417 3710 609 3775 monachmn
622 3711 662 3773 de
682 3710 793 3774 eadem
813 3711 932 3776 diocesi
946 3713 1190 3792 associantibus,
1205 3714 1292 3798 ipsos

238 3812 371 3890 visitari,
386 3811 484 3878 faciat
497 3811 567 3875 vice
582 3833 653 3894 sua,
662 3821 728 3876 tam
742 3811 777 3875 in
793 3813 909 3897 capite,
926 3835 1023 3897 quam
1037 3815 1071 3878 in
1083 3815 1292 3878 membris.-

239 3915 337 3978 abbas
361 3913 500 3996 corrigat
519 3912 764 3989 monasterium
786 3913 967 3977 visitatores
986 3915 1014 3978 si
1032 3916 1204 3979 concordes
1218 3914 1290 3978 fue-

236 4017 304 4079 rint
327 4022 392 4078 una
418 4036 492 4077 cum
522 4023 682 4077 conventu
707 4013 858 4077 abbatem
887 4015 1057 4100 corrigant.
1102 4015 1157 4080 Illi
1180 4026 1290 4080 autem

238 4116 394 4181 monacho
410 4115 467 4200 qui
481 4115 583 4178 fuerit
595 4116 635 4178 ab
651 4113 802 4200 episcopo
814 4116 1017 4181 transmissus
1027 4139 1094 4182 non
1117 4117 1214 4182 liceat
1227 4118 1291 4182 nisi

237 4243 267 4284 v.
284 4219 484 4304 equitaturas
498 4217 616 4280 habere
632 4226 667 4280 et
680 4217 853 4281 servientes
865 4241 923 4283 suo
938 4229 972 4282 et
986 4242 1144 4304 equorum
1159 4241 1291 4284 suorum

238 4321 369 4388 servitio
388 4329 616 4404 competentes.
660 4318 707 4382 Et
721 4319 784 4384 nisi
799 4319 928 4385 evidens
941 4321 1112 4386 necessitas
1123 4343 1182 4386 seu
1196 4321 1293 4386 bene-
