3278 5162
518 570 743 623 nounsrrarr
769 572 819 622 nr
844 571 971 622 annno:
1227 553 1269 623 67

211 739 320 782 versus
334 718 466 783 intulit:
484 724 506 755 “
516 719 726 805 Nunquam,”
741 722 903 806 inquiens,
920 725 988 784 “te
1003 720 1138 796 diutius,
1156 718 1267 798 Orex,

212 841 362 883 coronam
392 820 525 906 Angliae
553 821 638 885 ferre
672 821 746 886 Deo
784 823 827 886 sit
854 823 1021 906 placitum,
1052 822 1079 886 si
1109 820 1269 884 tantillam

213 920 358 986 ecclesiae
373 935 493 988 nostrae
507 925 701 1004 libertatem,
714 949 733 988 a
751 948 826 1010 rege
841 925 1009 989 Willelmo
1024 933 1058 988 ct
1072 925 1112 987 ab
1127 923 1199 988 aliis
1212 946 1269 988 an-

212 1025 425 1090 tecessoribus
433 1028 500 1090 tuis
515 1027 647 1112 regibus
662 1028 769 1091 datam
784 1039 818 1091 et
828 1028 1026 1092 observatam
1039 1025 1269 1103 destruxeris.”

212 1124 338 1191 Verum
361 1129 478 1192 abbate
503 1129 589 1193 diem
616 1130 830 1193 constitutum
856 1130 1056 1206 observante,
1080 1139 1156 1192 ante
1183 1128 1269 1190 diem

212 1239 401 1312 sequentem
425 1253 468 1293 ex
490 1239 582 1316 parte
606 1231 838 1316 archicpiscopi
860 1231 971 1295 nullus
986 1230 1125 1294 advenit.
1172 1228 1269 1294 Unde

213 1331 471 1414 transgressionis
490 1332 617 1417 judicio
640 1332 910 1410 obmutescentes,
935 1354 1009 1396 cum
1031 1331 1179 1396 frustrati
1205 1332 1270 1394 dis-

211 1431 388 1510 cessissent,
412 1434 533 1498 iterum
553 1434 595 1497 ad
608 1435 712 1517 regias
728 1455 821 1497 aures
835 1434 935 1519 hujus
949 1435 997 1497 rei
1013 1433 1214 1518 querimonia
1228 1434 1269 1496 ab

209 1531 448 1619 archiepiscopo
477 1535 584 1598 delata
613 1545 672 1598 est.
727 1533 841 1598 Abbas
869 1536 989 1598 iterum
1014 1535 1184 1598 mandatus
1213 1535 1269 1597 ad·

209 1634 308 1712 venit,
335 1636 504 1720 causisque
529 1635 687 1720 expositis
712 1659 732 1700 a
746 1635 908 1699 communi
932 1657 1082 1700 consessu
1104 1635 1268 1720 adjudica·

208 1744 354 1814 tumeat,
370 1738 521 1801 abbatem
535 1759 626 1800 suam
637 1759 765 1801 causam
780 1737 999 1815 dirationasse‚
1015 1759 1075 1800 nec
1090 1737 1130 1800 ab
1144 1736 1267 1799 archie-

207 1837 340 1922 piscopo
364 1837 441 1902 hinc
466 1839 609 1924 aliquam
634 1839 848 1924 calumpniam
876 1839 1014 1903 ulterius
1039 1839 1108 1924 pati
1135 1839 1264 1904 debere.

208 1943 322 2028 Atque
337 1946 372 2009 in
394 1947 445 2009 his
460 1946 565 2010 soluta
580 1948 678 2025 curia,
695 1947 832 2032 singulis
855 1947 889 2010 in
905 1969 963 2011 sua
985 1947 1148 2030 regressis,
1174 1969 1265 2009 reve-

209 2047 329 2110 rendus
352 2049 451 2112 abbas
465 2048 535 2112 haec
551 2049 657 2111 omnia
672 2049 758 2112 unde
773 2049 881 2133 agitur
894 2070 954 2132 pro
967 2047 1067 2111 libitu
1082 2047 1266 2131 disponens,

209 2147 374 2233 aliquibus
399 2147 583 2234 sumptibus
599 2151 656 2234 qui
671 2150 799 2235 appulsi
814 2150 942 2214 fuerant
957 2149 1219 2234 archipraesulem
1234 2158 1268 2212 et

210 2273 284 2314 suos
298 2251 488 2336 pacificavit,
504 2252 669 2337 praecipua
693 2262 801 2315 tamen
824 2252 955 2316 sibimet
974 2261 1009 2314 et
1032 2272 1101 2314 suae
1123 2250 1267 2314 ecclesias

209 2352 249 2415 de
265 2352 360 2436 Bello
371 2353 519 2430 retinuit,
529 2353 639 2437 sicque
654 2354 753 2439 hujus
767 2355 814 2418 rei
839 2353 1041 2438 querimonia
1056 2351 1191 2436 quievit.

249 2453 301 2516 Eo
326 2464 470 2539 tempore
495 2455 671 2519 venerabili
703 2457 773 2520 viro
800 2455 941 2519 Seifrido
973 2455 1124 2539 episcopo
1154 2477 1262 2519 succe-

208 2554 303 2618 dente
325 2556 360 2618 in
384 2555 567 2618 cathedram
581 2555 814 2620 Cicestrensem
836 2557 905 2620 viro
922 2557 1091 2640 magnifico
1110 2555 1263 2634 Hilario,1

209 2659 267 2740 qui
298 2657 456 2720 Romanae
477 2657 575 2720 curiae
596 2658 747 2722 notitiam
769 2681 805 2721 ac
820 2658 962 2721 favorem
987 2657 1165 2742 plurimum
1181 2657 1264 2720 obti-

207 2767 334 2836 nuerat,
359 2759 461 2843 coepit
483 2768 696 2822 memoratum
711 2759 799 2822 Belli
814 2758 1045 2825 monasterium
1068 2759 1103 2820 in
1124 2757 1264 2840 dignita·

208 2860 295 2923 tibus
310 2860 387 2937 suis,
401 2860 604 2944 quorundam
623 2860 829 2939 emulatione,
849 2860 992 2945 plurima
1006 2859 1075 2944 pati
1086 2858 1262 2924 molimina.

208 2959 260 3023 De
287 2960 417 3045 quibus,
434 2962 512 3046 quia
532 2983 597 3025 non
615 2962 830 3046 incongruum
853 2963 992 3039 videtur,
1020 2961 1118 3024 latius
1131 2983 1190 3046 per
1201 2961 1265 3024 sin-

208 3061 284 3144 gula
299 3063 531 3148 disputandum
546 3072 604 3126 est.
650 3063 725 3127 Erit
745 3064 832 3127 enim
842 3063 1060 3148 praesentihus
1071 3064 1263 3148 jocundum,

206 3162 326 3227 futuris
356 3164 448 3242 utile,
476 3186 702 3247 summumque
719 3166 914 3250 dignitatum
944 3165 1089 3249 ejusdem
1121 3165 1264 3228 ecclesiae

207 3265 308 3328 sancti
323 3263 461 3328 Martini
477 3265 516 3328 de
532 3264 627 3328 Bello
641 3265 837 3343 memoriale,
861 3275 960 3348 atque
975 3266 1016 3328 ad
1035 3265 1265 3349 perpetuitatis

205 3367 441 3430 monimentum
477 3376 588 3430 contra
618 3367 856 3450 insurgentium
891 3367 1053 3429 machinas
1081 3366 1264 3430 invidorum

206 3477 335 3532 scutum
349 3468 612 3554 inexpugnabile.
658 3467 744 3531 Nam
758 3491 817 3553 per
831 3467 1009 3553 plurimum
1020 3467 1175 3552 temporis
1189 3490 1264 3552 pro·

206 3570 272 3634 vidi
297 3571 422 3635 abbatis
447 3570 600 3635 Walterii
624 3570 782 3654 patientia
804 3579 1014 3655 protractum,
1040 3592 1114 3634 cum
1138 3592 1264 3654 semper

205 3673 441 3757 insurgentium
459 3695 509 3736 ars
522 3672 714 3738 multimoda
735 3673 832 3737 simili
850 3685 1026 3738 cassaretur
1040 3682 1119 3753 arte,
1136 3673 1265 3736 tandem

244 3871 251 3902 ¹
268 3869 429 3923 Nominated
444 3879 471 3922 to
490 3870 535 3922 the
543 3887 587 3923 see
599 3871 629 3923 of
644 3869 706 3922 Chi·
758 3870 884 3923 toniensis
896 3869 1037 3940 plurimum
1048 3868 1137 3938 gloriae
1148 3867 1263 3936 pretium

206 3939 308 3992 chester
329 3939 356 3990 in
376 3942 453 4006 1146,
473 3939 521 3991 but
548 3949 594 3992 not
617 3957 708 3992 conse-
759 3940 878 3992 emeruit.
915 3939 1010 3991 Postea
1036 3938 1069 3990 ad
1088 3937 1263 3988 ministerium

206 4009 294 4062 crated
302 4007 369 4061 until
380 4011 458 4062 1148.
486 4009 511 4060 Α
523 4025 630 4078 passage
642 4009 709 4061 from
758 4008 893 4078 apostolici
915 4007 1061 4074 translatus,
1083 4007 1111 4059 in
1125 4005 1264 4059 reddendis

204 4079 249 4132 the
263 4079 432 4131 continuator
440 4077 469 4130 of
478 4078 590 4148 Symeon
602 4077 632 4129 of
641 4077 709 4130 Dur-
759 4087 785 4130 et
812 4077 996 4148 prosequendis
1017 4075 1102 4128 causis
1124 4075 1265 4128 advocatus

204 4147 266 4201 ham
279 4147 431 4201 establishes
450 4147 495 4199 the
508 4146 670 4199 observation
682 4147 710 4198 in
759 4147 952 4210 disertissimus,
966 4155 991 4198 et
1004 4143 1206 4213 jurisconsultus
1220 4162 1265 4214 pe-

205 4218 249 4270 the
259 4227 316 4272 text
324 4218 353 4270 of
359 4217 411 4271 this
420 4216 538 4288 prelate's
550 4215 710 4268 favourwith
758 4216 823 4268 ritus
854 4215 882 4268 in
921 4216 991 4268 curia
1034 4215 1084 4268 fuit
1122 4215 1265 4268 Romana.”

205 4287 249 4340 the
266 4297 339 4340 court
359 4287 389 4339 of
404 4288 503 4340 Rome:
524 4285 670 4338 “Hilarius
683 4285 710 4336 in
758 4303 785 4355 p.
797 4285 860 4340 276.

204 4357 347 4411 ministerio
377 4356 484 4424 Henrici
506 4355 619 4426 episcopi
635 4355 710 4408 Win-

1075 4482 1078 4487 .
1116 4442 1160 4492 r2
