<?xml version="1.0" encoding="UTF-8"?>
<!DOCTYPE html PUBLIC "-//W3C//DTD XHTML 1.0 Transitional//EN"
    "http://www.w3.org/TR/xhtml1/DTD/xhtml1-transitional.dtd">
<html xmlns="http://www.w3.org/1999/xhtml" xml:lang="en" lang="en">
 <head>
  <title>
</title>
<meta http-equiv="Content-Type" content="text/html;charset=utf-8" />
  <meta name='ocr-system' content='tesseract 3.04.00' />
  <meta name='ocr-capabilities' content='ocr_page ocr_carea ocr_par ocr_line ocrx_word'/>
</head>
<body>
  <div class='ocr_page' id='page_1' title='image "./chroniconmonast01abbegoog_0129.png"; bbox 0 0 3278 5162; ppageno 0'>
   <div class='ocr_carea' id='block_1_1' title="bbox 514 544 1260 612">
    <p class='ocr_par' dir='ltr' id='par_1_1' title="bbox 514 544 1260 612">
     <span class='ocr_line' id='line_1_1' title="bbox 514 544 1260 612; baseline -0.005 -2"><span class='ocrx_word' id='word_1_1' title='bbox 514 557 737 612; x_wconf 78' lang='lat' dir='ltr'><strong>nonrsrnmr</strong></span> <span class='ocrx_word' id='word_1_2' title='bbox 762 559 811 609; x_wconf 82' lang='lat' dir='ltr'><strong>nn</strong></span> <span class='ocrx_word' id='word_1_3' title='bbox 836 557 959 609; x_wconf 79' lang='lat' dir='ltr'><strong>narro.</strong></span> <span class='ocrx_word' id='word_1_4' title='bbox 1218 544 1260 606; x_wconf 81' lang='lat'><strong>85</strong></span> 
     </span>
    </p>
   </div>
   <div class='ocr_carea' id='block_1_2' title="bbox 193 707 1261 1408">
    <p class='ocr_par' dir='ltr' id='par_1_2' title="bbox 193 707 1261 1408">
     <span class='ocr_line' id='line_1_2' title="bbox 193 707 1261 792; baseline 0.005 -22"><span class='ocrx_word' id='word_1_5' title='bbox 193 716 304 771; x_wconf 86' lang='lat' dir='ltr'><strong>costes</strong></span> <span class='ocrx_word' id='word_1_6' title='bbox 320 729 418 792; x_wconf 89' lang='lat' dir='ltr'><strong>quem</strong></span> <span class='ocrx_word' id='word_1_7' title='bbox 433 713 512 772; x_wconf 90' lang='lat' dir='ltr'><strong>tunc</strong></span> <span class='ocrx_word' id='word_1_8' title='bbox 529 707 581 772; x_wconf 92' lang='lat' dir='ltr'><strong>die</strong></span> <span class='ocrx_word' id='word_1_9' title='bbox 596 707 673 772; x_wconf 87' lang='lat' dir='ltr'><strong>festi</strong></span> <span class='ocrx_word' id='word_1_10' title='bbox 693 708 794 774; x_wconf 87' lang='lat' dir='ltr'><strong>sancti</strong></span> <span class='ocrx_word' id='word_1_11' title='bbox 818 707 983 773; x_wconf 89' lang='lat' dir='ltr'><strong>Dunstani</strong></span> <span class='ocrx_word' id='word_1_12' title='bbox 1002 707 1078 772; x_wconf 90' lang='lat' dir='ltr'><strong>anni</strong></span> <span class='ocrx_word' id='word_1_13' title='bbox 1101 709 1261 775; x_wconf 77' lang='lat' dir='ltr'><strong>revolutio</strong></span> 
     </span>
     <span class='ocr_line' id='line_1_3' title="bbox 199 809 1261 897; baseline 0.004 -25"><span class='ocrx_word' id='word_1_14' title='bbox 199 809 235 872; x_wconf 94' lang='lat' dir='ltr'><strong>in</strong></span> <span class='ocrx_word' id='word_1_15' title='bbox 253 810 365 873; x_wconf 89' lang='lat' dir='ltr'><strong>orbem</strong></span> <span class='ocrx_word' id='word_1_16' title='bbox 378 809 609 874; x_wconf 88' lang='lat' dir='ltr'><strong>celebrandum</strong></span> <span class='ocrx_word' id='word_1_17' title='bbox 623 810 809 888; x_wconf 86' lang='lat' dir='ltr'><strong>reduxerat,</strong></span> <span class='ocrx_word' id='word_1_18' title='bbox 825 810 912 874; x_wconf 92' lang='lat' dir='ltr'><strong>idem</strong></span> <span class='ocrx_word' id='word_1_19' title='bbox 926 811 1151 876; x_wconf 90' lang='lat' dir='ltr'><strong>memorandus</strong></span> <span class='ocrx_word' id='word_1_20' title='bbox 1172 811 1261 897; x_wconf 90' lang='lat' dir='ltr'><strong>prin·</strong></span> 
     </span>
     <span class='ocr_line' id='line_1_4' title="bbox 198 912 1260 997; baseline 0.002 -23"><span class='ocrx_word' id='word_1_21' title='bbox 198 933 274 996; x_wconf 89' lang='lat' dir='ltr'><strong>ceps</strong></span> <span class='ocrx_word' id='word_1_22' title='bbox 289 913 377 996; x_wconf 90' lang='lat' dir='ltr'><strong>apud</strong></span> <span class='ocrx_word' id='word_1_23' title='bbox 391 921 537 977; x_wconf 89' lang='lat' dir='ltr'><strong>sanctum</strong></span> <span class='ocrx_word' id='word_1_24' title='bbox 546 912 758 976; x_wconf 89' lang='lat' dir='ltr'><strong>Edmundum</strong></span> <span class='ocrx_word' id='word_1_25' title='bbox 770 912 951 977; x_wconf 88' lang='lat' dir='ltr'><strong>diademate</strong></span> <span class='ocrx_word' id='word_1_26' title='bbox 962 913 1136 997; x_wconf 84' lang='lat' dir='ltr'><strong>insignitus</strong></span> <span class='ocrx_word' id='word_1_27' title='bbox 1148 913 1260 996; x_wconf 81' lang='lat' dir='ltr'><strong>regali,</strong></span> 
     </span>
     <span class='ocr_line' id='line_1_5' title="bbox 195 1013 1261 1101; baseline 0.003 -24"><span class='ocrx_word' id='word_1_28' title='bbox 195 1013 317 1078; x_wconf 62' lang='lat' dir='ltr'><strong>&#39;multis</strong></span> <span class='ocrx_word' id='word_1_29' title='bbox 332 1013 456 1078; x_wconf 86' lang='lat' dir='ltr'><strong>ibidem</strong></span> <span class='ocrx_word' id='word_1_30' title='bbox 473 1013 753 1094; x_wconf 87' lang='lat' dir='ltr'><strong>convenientibus,</strong></span> <span class='ocrx_word' id='word_1_31' title='bbox 779 1013 1021 1101; x_wconf 86' lang='lat' dir='ltr'>archiepiscopo</span> <span class='ocrx_word' id='word_1_32' title='bbox 1036 1014 1162 1080; x_wconf 90' lang='lat' dir='ltr'><strong>scilicet</strong></span> <span class='ocrx_word' id='word_1_33' title='bbox 1177 1015 1261 1080; x_wconf 83' lang='lat' dir='ltr'><strong>Can·</strong></span> 
     </span>
     <span class='ocr_line' id='line_1_6' title="bbox 199 1115 1261 1201; baseline 0.003 -21"><span class='ocrx_word' id='word_1_34' title='bbox 199 1115 327 1195; x_wconf 75' lang='lat' dir='ltr'><strong>tumim,</strong></span> <span class='ocrx_word' id='word_1_35' title='bbox 363 1115 533 1201; x_wconf 89' lang='lat' dir='ltr'><strong>episcopis,</strong></span> <span class='ocrx_word' id='word_1_36' title='bbox 569 1115 754 1195; x_wconf 85' lang='lat' dir='ltr'><strong>abbatibus,</strong></span> <span class='ocrx_word' id='word_1_37' title='bbox 785 1115 970 1195; x_wconf 85' lang='lat' dir='ltr'><strong>comitibus,</strong></span> <span class='ocrx_word' id='word_1_38' title='bbox 998 1117 1185 1196; x_wconf 87' lang='lat' dir='ltr'><strong>baronibus,</strong></span> <span class='ocrx_word' id='word_1_39' title='bbox 1226 1129 1261 1183; x_wconf 90' lang='lat' dir='ltr'><strong>et</strong></span> 
     </span>
     <span class='ocr_line' id='line_1_7' title="bbox 200 1217 1258 1304; baseline 0.004 -23"><span class='ocrx_word' id='word_1_40' title='bbox 200 1217 314 1304; x_wconf 89' lang='lat' dir='ltr'><strong>populi</strong></span> <span class='ocrx_word' id='word_1_41' title='bbox 348 1217 571 1296; x_wconf 89' lang='lat' dir='ltr'><strong>multitudine,</strong></span> <span class='ocrx_word' id='word_1_42' title='bbox 603 1217 689 1285; x_wconf 89' lang='lat' dir='ltr'><strong>diem</strong></span> <span class='ocrx_word' id='word_1_43' title='bbox 713 1228 754 1290; x_wconf 80' lang='lat' dir='ltr'><strong>‚ut</strong></span> <span class='ocrx_word' id='word_1_44' title='bbox 783 1219 919 1284; x_wconf 91' lang='lat' dir='ltr'><strong>decebat</strong></span> <span class='ocrx_word' id='word_1_45' title='bbox 947 1219 1063 1284; x_wconf 89' lang='lat' dir='ltr'><strong>festive</strong></span> <span class='ocrx_word' id='word_1_46' title='bbox 1092 1220 1258 1304; x_wconf 85' lang='lat' dir='ltr'><strong>transegit.</strong></span> 
     </span>
     <span class='ocr_line' id='line_1_8' title="bbox 200 1319 1260 1408; baseline 0.002 -24"><span class='ocrx_word' id='word_1_47' title='bbox 200 1319 291 1384; x_wconf 87' lang='lat' dir='ltr'><strong>Inter</strong></span> <span class='ocrx_word' id='word_1_48' title='bbox 305 1319 364 1384; x_wconf 92' lang='lat' dir='ltr'><strong>hos</strong></span> <span class='ocrx_word' id='word_1_49' title='bbox 378 1319 479 1405; x_wconf 86' lang='lat' dir='ltr'><strong>igitur</strong></span> <span class='ocrx_word' id='word_1_50' title='bbox 493 1319 692 1386; x_wconf 87' lang='lat' dir='ltr'><strong>venerabiles</strong></span> <span class='ocrx_word' id='word_1_51' title='bbox 707 1320 816 1399; x_wconf 89' lang='lat' dir='ltr'><strong>etiam,</strong></span> <span class='ocrx_word' id='word_1_52' title='bbox 828 1331 867 1386; x_wconf 91' lang='lat' dir='ltr'><strong>ut</strong></span> <span class='ocrx_word' id='word_1_53' title='bbox 880 1319 1073 1408; x_wconf 82' lang='lat' dir='ltr'><strong>praedictum</strong></span> <span class='ocrx_word' id='word_1_54' title='bbox 1089 1332 1148 1402; x_wconf 89' lang='lat' dir='ltr'><strong>est,</strong></span> <span class='ocrx_word' id='word_1_55' title='bbox 1166 1322 1260 1386; x_wconf 93' lang='lat' dir='ltr'><strong>Hila-</strong></span> 
     </span>
    </p>
   </div>
   <div class='ocr_carea' id='block_1_3' title="bbox 189 1421 1392 3952">
    <p class='ocr_par' dir='ltr' id='par_1_3' title="bbox 189 1421 1392 3952">
     <span class='ocr_line' id='line_1_9' title="bbox 201 1421 1259 1509; baseline 0.003 -22"><span class='ocrx_word' id='word_1_56' title='bbox 201 1421 269 1487; x_wconf 87' lang='lat' dir='ltr'><strong>rius</strong></span> <span class='ocrx_word' id='word_1_57' title='bbox 296 1422 508 1488; x_wconf 86' lang='lat' dir='ltr'><strong>Cicestrensis</strong></span> <span class='ocrx_word' id='word_1_58' title='bbox 531 1423 703 1509; x_wconf 89' lang='lat' dir='ltr'><strong>episcopus</strong></span> <span class='ocrx_word' id='word_1_59' title='bbox 729 1433 763 1488; x_wconf 86' lang='lat' dir='ltr'><strong>et</strong></span> <span class='ocrx_word' id='word_1_60' title='bbox 777 1422 945 1492; x_wconf 88' lang='lat' dir='ltr'><strong>Walterus</strong></span> <span class='ocrx_word' id='word_1_61' title='bbox 971 1425 1070 1488; x_wconf 85' lang='lat' dir='ltr'><strong>abbas</strong></span> <span class='ocrx_word' id='word_1_62' title='bbox 1094 1425 1134 1490; x_wconf 93' lang='lat' dir='ltr'><strong>de</strong></span> <span class='ocrx_word' id='word_1_63' title='bbox 1165 1424 1259 1490; x_wconf 91' lang='lat' dir='ltr'><strong>Bello</strong></span> 
     </span>
     <span class='ocr_line' id='line_1_10' title="bbox 199 1524 1260 1612; baseline 0.002 -24"><span class='ocrx_word' id='word_1_64' title='bbox 199 1535 333 1611; x_wconf 87' lang='lat' dir='ltr'><strong>propter</strong></span> <span class='ocrx_word' id='word_1_65' title='bbox 357 1524 607 1590; x_wconf 88' lang='lat' dir='ltr'><strong>controversiam</strong></span> <span class='ocrx_word' id='word_1_66' title='bbox 630 1524 820 1612; x_wconf 76' lang='lat' dir='ltr'><strong>praedictam</strong></span> <span class='ocrx_word' id='word_1_67' title='bbox 836 1524 1036 1590; x_wconf 67' lang='lat' dir='ltr'><strong>‘libertatum</strong></span> <span class='ocrx_word' id='word_1_68' title='bbox 1061 1536 1096 1589; x_wconf 90' lang='lat' dir='ltr'><strong>et</strong></span> <span class='ocrx_word' id='word_1_69' title='bbox 1121 1525 1260 1610; x_wconf 87' lang='lat' dir='ltr'><strong>dignita-</strong></span> 
     </span>
     <span class='ocr_line' id='line_1_11' title="bbox 197 1627 1259 1707; baseline 0 -15"><span class='ocrx_word' id='word_1_70' title='bbox 197 1637 269 1692; x_wconf 90' lang='lat' dir='ltr'><strong>tum</strong></span> <span class='ocrx_word' id='word_1_71' title='bbox 284 1627 492 1692; x_wconf 90' lang='lat' dir='ltr'><strong>ecclesiarum</strong></span> <span class='ocrx_word' id='word_1_72' title='bbox 507 1649 639 1692; x_wconf 88' lang='lat' dir='ltr'><strong>suarum</strong></span> <span class='ocrx_word' id='word_1_73' title='bbox 654 1627 712 1692; x_wconf 94' lang='lat' dir='ltr'><strong>diu</strong></span> <span class='ocrx_word' id='word_1_74' title='bbox 726 1627 900 1692; x_wconf 87' lang='lat' dir='ltr'><strong>interillos</strong></span> <span class='ocrx_word' id='word_1_75' title='bbox 914 1628 1058 1692; x_wconf 90' lang='lat' dir='ltr'><strong>habitam</strong></span> <span class='ocrx_word' id='word_1_76' title='bbox 1075 1628 1259 1707; x_wconf 86' lang='lat' dir='ltr'><strong>sedandam,</strong></span> 
     </span>
     <span class='ocr_line' id='line_1_12' title="bbox 197 1729 1259 1816; baseline -0.001 -21"><span class='ocrx_word' id='word_1_77' title='bbox 197 1731 239 1796; x_wconf 89' lang='lat' dir='ltr'><strong>ab</strong></span> <span class='ocrx_word' id='word_1_78' title='bbox 262 1730 378 1794; x_wconf 88' lang='lat' dir='ltr'><strong>eodem</strong></span> <span class='ocrx_word' id='word_1_79' title='bbox 397 1729 568 1816; x_wconf 83' lang='lat' dir='ltr'><strong>magnifico</strong></span> <span class='ocrx_word' id='word_1_80' title='bbox 582 1729 740 1815; x_wconf 84' lang='lat' dir='ltr'><strong>principe,</strong></span> <span class='ocrx_word' id='word_1_81' title='bbox 757 1731 833 1795; x_wconf 91' lang='lat' dir='ltr'><strong>dato</strong></span> <span class='ocrx_word' id='word_1_82' title='bbox 848 1730 894 1796; x_wconf 93' lang='lat' dir='ltr'><strong>eis</strong></span> <span class='ocrx_word' id='word_1_83' title='bbox 908 1730 1032 1795; x_wconf 91' lang='lat' dir='ltr'><strong>ibidem</strong></span> <span class='ocrx_word' id='word_1_84' title='bbox 1047 1731 1100 1794; x_wconf 90' lang='lat' dir='ltr'><strong>die</strong></span> <span class='ocrx_word' id='word_1_85' title='bbox 1111 1752 1259 1816; x_wconf 87' lang='lat' dir='ltr'><strong>peremp-</strong></span> 
     </span>
     <span class='ocr_line' id='line_1_13' title="bbox 194 1831 1259 1918; baseline 0.002 -22"><span class='ocrx_word' id='word_1_86' title='bbox 194 1831 295 1913; x_wconf 86' lang='lat' dir='ltr'><strong>torio,</strong></span> <span class='ocrx_word' id='word_1_87' title='bbox 313 1833 480 1897; x_wconf 88' lang='lat' dir='ltr'><strong>convocati</strong></span> <span class='ocrx_word' id='word_1_88' title='bbox 495 1841 585 1896; x_wconf 86' lang='lat' dir='ltr'><strong>sunt.</strong></span> <span class='ocrx_word' id='word_1_89' title='bbox 629 1832 718 1900; x_wconf 85' lang='lat' dir='ltr'><strong>Quia</strong></span> <span class='ocrx_word' id='word_1_90' title='bbox 730 1854 806 1896; x_wconf 86' lang='lat' dir='ltr'><strong>vero</strong></span> <span class='ocrx_word' id='word_1_91' title='bbox 820 1856 882 1897; x_wconf 86' lang='lat' dir='ltr'><strong>rex</strong></span> <span class='ocrx_word' id='word_1_92' title='bbox 892 1833 964 1898; x_wconf 90' lang='lat' dir='ltr'><strong>aliis</strong></span> <span class='ocrx_word' id='word_1_93' title='bbox 978 1833 1101 1898; x_wconf 89' lang='lat' dir='ltr'><strong>ibidem</strong></span> <span class='ocrx_word' id='word_1_94' title='bbox 1123 1855 1259 1918; x_wconf 87' lang='lat' dir='ltr'><strong>occupa·</strong></span> 
     </span>
     <span class='ocr_line' id='line_1_14' title="bbox 198 1933 1257 2020; baseline 0.002 -22"><span class='ocrx_word' id='word_1_95' title='bbox 198 1944 253 1998; x_wconf 91' lang='lat' dir='ltr'><strong>tus</strong></span> <span class='ocrx_word' id='word_1_96' title='bbox 275 1933 416 2019; x_wconf 88' lang='lat' dir='ltr'><strong>negotiis</strong></span> <span class='ocrx_word' id='word_1_97' title='bbox 436 1933 568 1998; x_wconf 87' lang='lat' dir='ltr'><strong>illorum</strong></span> <span class='ocrx_word' id='word_1_98' title='bbox 594 1955 723 1998; x_wconf 88' lang='lat' dir='ltr'><strong>causam</strong></span> <span class='ocrx_word' id='word_1_99' title='bbox 747 1945 826 1998; x_wconf 90' lang='lat' dir='ltr'><strong>tunc</strong></span> <span class='ocrx_word' id='word_1_100' title='bbox 852 1935 1066 2000; x_wconf 90' lang='lat' dir='ltr'><strong>determinare</strong></span> <span class='ocrx_word' id='word_1_101' title='bbox 1094 1936 1257 2020; x_wconf 91' lang='lat' dir='ltr'><strong>nequivit,</strong></span> 
     </span>
     <span class='ocr_line' id='line_1_15' title="bbox 196 2034 1259 2122; baseline 0.002 -22"><span class='ocrx_word' id='word_1_102' title='bbox 196 2037 373 2101; x_wconf 87' lang='lat' dir='ltr'><strong>terminum</strong></span> <span class='ocrx_word' id='word_1_103' title='bbox 383 2035 430 2100; x_wconf 88' lang='lat' dir='ltr'><strong>eis</strong></span> <span class='ocrx_word' id='word_1_104' title='bbox 442 2036 530 2122; x_wconf 90' lang='lat' dir='ltr'><strong>apud</strong></span> <span class='ocrx_word' id='word_1_105' title='bbox 540 2034 767 2102; x_wconf 83' lang='lat' dir='ltr'><strong>Colecestriam</strong></span> <span class='ocrx_word' id='word_1_106' title='bbox 777 2036 932 2120; x_wconf 82' lang='lat' dir='ltr'><strong>praefixit,</strong></span> <span class='ocrx_word' id='word_1_107' title='bbox 943 2036 1021 2122; x_wconf 91' lang='lat' dir='ltr'><strong>quia</strong></span> <span class='ocrx_word' id='word_1_108' title='bbox 1031 2036 1109 2100; x_wconf 91' lang='lat' dir='ltr'><strong>illuc</strong></span> <span class='ocrx_word' id='word_1_109' title='bbox 1121 2048 1259 2102; x_wconf 90' lang='lat' dir='ltr'><strong>asancto</strong></span> 
     </span>
     <span class='ocr_line' id='line_1_16' title="bbox 198 2137 1258 2226; baseline 0.001 -24"><span class='ocrx_word' id='word_1_110' title='bbox 198 2137 374 2203; x_wconf 88' lang='lat' dir='ltr'><strong>Edmundo</strong></span> <span class='ocrx_word' id='word_1_111' title='bbox 400 2139 552 2203; x_wconf 89' lang='lat' dir='ltr'><strong>recedens</strong></span> <span class='ocrx_word' id='word_1_112' title='bbox 575 2148 732 2202; x_wconf 87' lang='lat' dir='ltr'><strong>venturus</strong></span> <span class='ocrx_word' id='word_1_113' title='bbox 755 2147 834 2204; x_wconf 90' lang='lat' dir='ltr'><strong>erat.</strong></span> <span class='ocrx_word' id='word_1_114' title='bbox 886 2137 951 2202; x_wconf 90' lang='lat' dir='ltr'><strong>Die</strong></span> <span class='ocrx_word' id='word_1_115' title='bbox 977 2138 1067 2218; x_wconf 78' lang='lat' dir='ltr'><strong>Joris</strong></span> <span class='ocrx_word' id='word_1_116' title='bbox 1094 2139 1258 2226; x_wconf 88' lang='lat' dir='ltr'><strong>proximo,</strong></span> 
     </span>
     <span class='ocr_line' id='line_1_17' title="bbox 196 2240 1259 2328; baseline 0 -23"><span class='ocrx_word' id='word_1_117' title='bbox 196 2264 310 2305; x_wconf 89' lang='lat' dir='ltr'><strong>omnes</strong></span> <span class='ocrx_word' id='word_1_118' title='bbox 339 2241 462 2306; x_wconf 91' lang='lat' dir='ltr'><strong>ibidem</strong></span> <span class='ocrx_word' id='word_1_119' title='bbox 492 2251 526 2306; x_wconf 91' lang='lat' dir='ltr'><strong>et</strong></span> <span class='ocrx_word' id='word_1_120' title='bbox 556 2240 655 2304; x_wconf 90' lang='lat' dir='ltr'><strong>etiam</strong></span> <span class='ocrx_word' id='word_1_121' title='bbox 683 2263 819 2305; x_wconf 91' lang='lat' dir='ltr'><strong>numero</strong></span> <span class='ocrx_word' id='word_1_122' title='bbox 847 2240 958 2328; x_wconf 90' lang='lat' dir='ltr'><strong>plures</strong></span> <span class='ocrx_word' id='word_1_123' title='bbox 985 2240 1172 2306; x_wconf 89' lang='lat' dir='ltr'><strong>adveniunt.</strong></span> <span class='ocrx_word' id='word_1_124' title='bbox 1217 2241 1259 2306; x_wconf 90' lang='lat' dir='ltr'><strong>In</strong></span> 
     </span>
     <span class='ocr_line' id='line_1_18' title="bbox 196 2329 1258 2423; baseline 0 -15"><span class='ocrx_word' id='word_1_125' title='bbox 196 2329 383 2423; x_wconf 86' lang='lat' dir='ltr'><strong>crastinum,</strong></span> <span class='ocrx_word' id='word_1_126' title='bbox 400 2343 452 2407; x_wconf 92' lang='lat' dir='ltr'><strong>die</strong></span> <span class='ocrx_word' id='word_1_127' title='bbox 467 2343 591 2408; x_wconf 84' lang='lat' dir='ltr'><strong>scilicet</strong></span> <span class='ocrx_word' id='word_1_128' title='bbox 605 2341 755 2423; x_wconf 84' lang='lat' dir='ltr'><strong>Veneris,</strong></span> <span class='ocrx_word' id='word_1_129' title='bbox 771 2343 870 2408; x_wconf 86' lang='lat' dir='ltr'><strong>abbas</strong></span> <span class='ocrx_word' id='word_1_130' title='bbox 885 2366 960 2408; x_wconf 94' lang='lat' dir='ltr'><strong>cum</strong></span> <span class='ocrx_word' id='word_1_131' title='bbox 969 2343 1112 2408; x_wconf 91' lang='lat' dir='ltr'><strong>Ricardo</strong></span> <span class='ocrx_word' id='word_1_132' title='bbox 1123 2345 1163 2408; x_wconf 92' lang='lat' dir='ltr'><strong>de</strong></span> <span class='ocrx_word' id='word_1_133' title='bbox 1174 2343 1258 2410; x_wconf 90' lang='lat' dir='ltr'><strong>Luci</strong></span> 
     </span>
     <span class='ocr_line' id='line_1_19' title="bbox 196 2445 1259 2532; baseline 0.003 -23"><span class='ocrx_word' id='word_1_134' title='bbox 196 2445 295 2510; x_wconf 80' lang='lat' dir='ltr'><strong>fratre</strong></span> <span class='ocrx_word' id='word_1_135' title='bbox 312 2467 371 2510; x_wconf 91' lang='lat' dir='ltr'><strong>suo</strong></span> <span class='ocrx_word' id='word_1_136' title='bbox 386 2467 496 2531; x_wconf 87' lang='lat' dir='ltr'><strong>regem</strong></span> <span class='ocrx_word' id='word_1_137' title='bbox 521 2445 613 2524; x_wconf 88' lang='lat' dir='ltr'><strong>adiit,</strong></span> <span class='ocrx_word' id='word_1_138' title='bbox 630 2447 808 2532; x_wconf 87' lang='lat' dir='ltr'><strong>jussusque</strong></span> <span class='ocrx_word' id='word_1_139' title='bbox 823 2469 843 2509; x_wconf 93' lang='lat' dir='ltr'><strong>a</strong></span> <span class='ocrx_word' id='word_1_140' title='bbox 856 2468 932 2530; x_wconf 85' lang='lat' dir='ltr'><strong>rege</strong></span> <span class='ocrx_word' id='word_1_141' title='bbox 947 2445 981 2510; x_wconf 93' lang='lat' dir='ltr'><strong>in</strong></span> <span class='ocrx_word' id='word_1_142' title='bbox 997 2446 1177 2532; x_wconf 88' lang='lat' dir='ltr'><strong>capitulum</strong></span> <span class='ocrx_word' id='word_1_143' title='bbox 1190 2471 1259 2512; x_wconf 90' lang='lat' dir='ltr'><strong>mo·</strong></span> 
     </span>
     <span class='ocr_line' id='line_1_20' title="bbox 193 2546 1256 2633; baseline 0.006 -25"><span class='ocrx_word' id='word_1_144' title='bbox 193 2547 372 2611; x_wconf 63' lang='lat' dir='ltr'><strong>,nachorum</strong></span> <span class='ocrx_word' id='word_1_145' title='bbox 400 2547 523 2611; x_wconf 91' lang='lat' dir='ltr'><strong>ibidem</strong></span> <span class='ocrx_word' id='word_1_146' title='bbox 558 2546 632 2610; x_wconf 91' lang='lat' dir='ltr'><strong>Deo</strong></span> <span class='ocrx_word' id='word_1_147' title='bbox 666 2547 878 2610; x_wconf 83' lang='lat' dir='ltr'><strong>servientium</strong></span> <span class='ocrx_word' id='word_1_148' title='bbox 906 2548 1048 2626; x_wconf 85' lang='lat' dir='ltr'><strong>secessit,</strong></span> <span class='ocrx_word' id='word_1_149' title='bbox 1081 2560 1256 2633; x_wconf 86' lang='lat' dir='ltr'><strong>expectans</strong></span> 
     </span>
     <span class='ocr_line' id='line_1_21' title="bbox 196 2646 1256 2734; baseline 0.003 -23"><span class='ocrx_word' id='word_1_150' title='bbox 196 2649 268 2734; x_wconf 88' lang='lat' dir='ltr'><strong>ejus</strong></span> <span class='ocrx_word' id='word_1_151' title='bbox 283 2648 466 2712; x_wconf 87' lang='lat' dir='ltr'><strong>adventum.</strong></span> <span class='ocrx_word' id='word_1_152' title='bbox 499 2646 578 2712; x_wconf 85' lang='lat' dir='ltr'><strong>Rex</strong></span> <span class='ocrx_word' id='word_1_153' title='bbox 592 2669 668 2712; x_wconf 90' lang='lat' dir='ltr'><strong>vero</strong></span> <span class='ocrx_word' id='word_1_154' title='bbox 682 2647 779 2712; x_wconf 89' lang='lat' dir='ltr'><strong>missa</strong></span> <span class='ocrx_word' id='word_1_155' title='bbox 793 2647 907 2712; x_wconf 90' lang='lat' dir='ltr'><strong>audita</strong></span> <span class='ocrx_word' id='word_1_156' title='bbox 921 2648 1100 2733; x_wconf 92' lang='lat' dir='ltr'><strong>capitulum</strong></span> <span class='ocrx_word' id='word_1_157' title='bbox 1111 2649 1256 2728; x_wconf 85' lang='lat' dir='ltr'><strong>intravit,</strong></span> 
     </span>
     <span class='ocr_line' id='line_1_22' title="bbox 195 2749 1257 2836; baseline 0.003 -23"><span class='ocrx_word' id='word_1_158' title='bbox 195 2749 391 2836; x_wconf 75' lang='lat' dir='ltr'><strong>praecipiens</strong></span> <span class='ocrx_word' id='word_1_159' title='bbox 413 2760 453 2815; x_wconf 90' lang='lat' dir='ltr'><strong>ut</strong></span> <span class='ocrx_word' id='word_1_160' title='bbox 477 2749 589 2814; x_wconf 91' lang='lat' dir='ltr'><strong>nullus</strong></span> <span class='ocrx_word' id='word_1_161' title='bbox 612 2749 676 2814; x_wconf 91' lang='lat' dir='ltr'><strong>nisi</strong></span> <span class='ocrx_word' id='word_1_162' title='bbox 702 2772 800 2836; x_wconf 91' lang='lat' dir='ltr'><strong>quem</strong></span> <span class='ocrx_word' id='word_1_163' title='bbox 824 2749 894 2836; x_wconf 90' lang='lat' dir='ltr'><strong>ipse</strong></span> <span class='ocrx_word' id='word_1_164' title='bbox 909 2759 1039 2814; x_wconf 90' lang='lat' dir='ltr'><strong>vocaret</strong></span> <span class='ocrx_word' id='word_1_165' title='bbox 1058 2774 1102 2816; x_wconf 83' lang='lat' dir='ltr'><strong>ex</strong></span> <span class='ocrx_word' id='word_1_166' title='bbox 1125 2751 1257 2816; x_wconf 89' lang='lat' dir='ltr'><strong>nomine</strong></span> 
     </span>
     <span class='ocr_line' id='line_1_23' title="bbox 195 2851 1390 2937; baseline 0.002 -21"><span class='ocrx_word' id='word_1_167' title='bbox 195 2853 429 2937; x_wconf 86' lang='lat' dir='ltr'><strong>ingrederetur.</strong></span> <span class='ocrx_word' id='word_1_168' title='bbox 470 2851 605 2921; x_wconf 89' lang='lat' dir='ltr'><strong>Accivit</strong></span> <span class='ocrx_word' id='word_1_169' title='bbox 629 2851 741 2936; x_wconf 86' lang='lat' dir='ltr'><strong>itaque</strong></span> <span class='ocrx_word' id='word_1_170' title='bbox 757 2851 915 2916; x_wconf 88' lang='lat' dir='ltr'><strong>Thomam</strong></span> <span class='ocrx_word' id='word_1_171' title='bbox 930 2852 1180 2932; x_wconf 86' lang='lat' dir='ltr'><strong>cancellarium,¹</strong></span> <span class='ocrx_word' id='word_1_172' title='bbox 1204 2877 1256 2918; x_wconf 92' lang='lat' dir='ltr'><strong>co·</strong></span> <span class='ocrx_word' id='word_1_173' title='bbox 1269 2882 1390 2924; x_wconf 57' lang='lat' dir='ltr'><strong>meam</strong></span> 
     </span>
     <span class='ocr_line' id='line_1_24' title="bbox 194 2953 1258 3040; baseline 0.002 -22"><span class='ocrx_word' id='word_1_174' title='bbox 194 2955 307 3019; x_wconf 84' lang='lat' dir='ltr'><strong>mitem</strong></span> <span class='ocrx_word' id='word_1_175' title='bbox 322 2953 560 3040; x_wconf 78' lang='lat' dir='ltr'><strong>Legacestriae²</strong></span> <span class='ocrx_word' id='word_1_176' title='bbox 574 2954 786 3031; x_wconf 67' lang='lat' dir='ltr'><strong>sotherum,</strong></span> <span class='ocrx_word' id='word_1_177' title='bbox 801 2953 980 3020; x_wconf 88' lang='lat' dir='ltr'><strong>Ricardum</strong></span> <span class='ocrx_word' id='word_1_178' title='bbox 994 2955 1034 3018; x_wconf 93' lang='lat' dir='ltr'><strong>de</strong></span> <span class='ocrx_word' id='word_1_179' title='bbox 1050 2953 1182 3020; x_wconf 87' lang='lat' dir='ltr'><strong>Humez</strong></span> <span class='ocrx_word' id='word_1_180' title='bbox 1198 2956 1258 3020; x_wconf 89' lang='lat' dir='ltr'><strong>tri·</strong></span> 
     </span>
     <span class='ocr_line' id='line_1_25' title="bbox 194 3055 1258 3138; baseline 0.002 -17"><span class='ocrx_word' id='word_1_181' title='bbox 194 3057 332 3136; x_wconf 92' lang='lat' dir='ltr'><strong>bunum,</strong></span> <span class='ocrx_word' id='word_1_182' title='bbox 363 3057 542 3122; x_wconf 86' lang='lat' dir='ltr'><strong>Ricardum</strong></span> <span class='ocrx_word' id='word_1_183' title='bbox 577 3057 617 3120; x_wconf 92' lang='lat' dir='ltr'><strong>de</strong></span> <span class='ocrx_word' id='word_1_184' title='bbox 647 3055 742 3134; x_wconf 91' lang='lat' dir='ltr'><strong>Luci,</strong></span> <span class='ocrx_word' id='word_1_185' title='bbox 773 3055 947 3120; x_wconf 89' lang='lat' dir='ltr'><strong>Warinum</strong></span> <span class='ocrx_word' id='word_1_186' title='bbox 975 3055 1080 3120; x_wconf 85' lang='lat' dir='ltr'><strong>filium</strong></span> <span class='ocrx_word' id='word_1_187' title='bbox 1107 3057 1258 3138; x_wconf 90' lang='lat' dir='ltr'><strong>Geroldi,</strong></span> 
     </span>
     <span class='ocr_line' id='line_1_26' title="bbox 195 3155 1256 3242; baseline 0.001 -20"><span class='ocrx_word' id='word_1_188' title='bbox 195 3158 391 3223; x_wconf 89' lang='lat' dir='ltr'><strong>Nicholaum</strong></span> <span class='ocrx_word' id='word_1_189' title='bbox 403 3159 443 3222; x_wconf 93' lang='lat' dir='ltr'><strong>de</strong></span> <span class='ocrx_word' id='word_1_190' title='bbox 460 3157 586 3242; x_wconf 83' lang='lat' dir='ltr'><strong>sigillo.</strong></span> <span class='ocrx_word' id='word_1_191' title='bbox 632 3155 742 3222; x_wconf 87' lang='lat' dir='ltr'><strong>Affuit</strong></span> <span class='ocrx_word' id='word_1_192' title='bbox 756 3179 830 3221; x_wconf 89' lang='lat' dir='ltr'><strong>cum</strong></span> <span class='ocrx_word' id='word_1_193' title='bbox 845 3157 891 3220; x_wconf 89' lang='lat' dir='ltr'><strong>eis</strong></span> <span class='ocrx_word' id='word_1_194' title='bbox 908 3157 1039 3242; x_wconf 88' lang='lat' dir='ltr'><strong>quidam</strong></span> <span class='ocrx_word' id='word_1_195' title='bbox 1055 3158 1091 3222; x_wconf 93' lang='lat' dir='ltr'><strong>in</strong></span> <span class='ocrx_word' id='word_1_196' title='bbox 1105 3169 1174 3222; x_wconf 89' lang='lat' dir='ltr'><strong>arte</strong></span> <span class='ocrx_word' id='word_1_197' title='bbox 1188 3182 1256 3224; x_wconf 91' lang='lat' dir='ltr'><strong>me·</strong></span> 
     </span>
     <span class='ocr_line' id='line_1_27' title="bbox 194 3257 1254 3345; baseline 0 -21"><span class='ocrx_word' id='word_1_198' title='bbox 194 3260 314 3324; x_wconf 87' lang='lat' dir='ltr'><strong>dicinae</strong></span> <span class='ocrx_word' id='word_1_199' title='bbox 339 3258 465 3345; x_wconf 88' lang='lat' dir='ltr'><strong>peritus</strong></span> <span class='ocrx_word' id='word_1_200' title='bbox 481 3257 647 3323; x_wconf 85' lang='lat' dir='ltr'><strong>Radulfus</strong></span> <span class='ocrx_word' id='word_1_201' title='bbox 671 3258 814 3322; x_wconf 91' lang='lat' dir='ltr'><strong>nomine.</strong></span> <span class='ocrx_word' id='word_1_202' title='bbox 859 3257 970 3322; x_wconf 86' lang='lat' dir='ltr'><strong>Affuit</strong></span> <span class='ocrx_word' id='word_1_203' title='bbox 985 3269 1019 3324; x_wconf 92' lang='lat' dir='ltr'><strong>et</strong></span> <span class='ocrx_word' id='word_1_204' title='bbox 1034 3258 1199 3324; x_wconf 86' lang='lat' dir='ltr'><strong>Henricus</strong></span> <span class='ocrx_word' id='word_1_205' title='bbox 1214 3262 1254 3324; x_wconf 89' lang='lat' dir='ltr'><strong>dc</strong></span> 
     </span>
     <span class='ocr_line' id='line_1_28' title="bbox 195 3357 1254 3446; baseline 0.001 -20"><span class='ocrx_word' id='word_1_206' title='bbox 195 3357 352 3426; x_wconf 81' lang='lat' dir='ltr'><strong>Essexia³</strong></span> <span class='ocrx_word' id='word_1_207' title='bbox 373 3360 458 3445; x_wconf 87' lang='lat' dir='ltr'><strong>regis</strong></span> <span class='ocrx_word' id='word_1_208' title='bbox 483 3359 647 3439; x_wconf 90' lang='lat' dir='ltr'><strong>tribunus,</strong></span> <span class='ocrx_word' id='word_1_209' title='bbox 665 3361 735 3446; x_wconf 86' lang='lat' dir='ltr'><strong>jam</strong></span> <span class='ocrx_word' id='word_1_210' title='bbox 760 3369 835 3425; x_wconf 85' lang='lat' dir='ltr'><strong>ante</strong></span> <span class='ocrx_word' id='word_1_211' title='bbox 857 3382 877 3423; x_wconf 91' lang='lat' dir='ltr'><strong>a</strong></span> <span class='ocrx_word' id='word_1_212' title='bbox 901 3382 976 3444; x_wconf 85' lang='lat' dir='ltr'><strong>rege</strong></span> <span class='ocrx_word' id='word_1_213' title='bbox 999 3361 1041 3424; x_wconf 92' lang='lat' dir='ltr'><strong>ad</strong></span> <span class='ocrx_word' id='word_1_214' title='bbox 1054 3361 1204 3424; x_wconf 90' lang='lat' dir='ltr'><strong>abbatem</strong></span> <span class='ocrx_word' id='word_1_215' title='bbox 1218 3363 1254 3427; x_wconf 93' lang='lat' dir='ltr'><strong>in</strong></span> 
     </span>
     <span class='ocr_line' id='line_1_29' title="bbox 193 3461 1254 3550; baseline 0.001 -22"><span class='ocrx_word' id='word_1_216' title='bbox 193 3463 376 3550; x_wconf 90' lang='lat' dir='ltr'><strong>capitulum</strong></span> <span class='ocrx_word' id='word_1_217' title='bbox 389 3462 516 3528; x_wconf 88' lang='lat' dir='ltr'><strong>missus.</strong></span> <span class='ocrx_word' id='word_1_218' title='bbox 571 3461 769 3548; x_wconf 88' lang='lat' dir='ltr'><strong>Supervenit</strong></span> <span class='ocrx_word' id='word_1_219' title='bbox 783 3461 881 3526; x_wconf 86' lang='lat' dir='ltr'><strong>etiam</strong></span> <span class='ocrx_word' id='word_1_220' title='bbox 895 3461 995 3526; x_wconf 85' lang='lat' dir='ltr'><strong>frater</strong></span> <span class='ocrx_word' id='word_1_221' title='bbox 1009 3463 1155 3548; x_wconf 89' lang='lat' dir='ltr'><strong>ejusdem</strong></span> <span class='ocrx_word' id='word_1_222' title='bbox 1168 3465 1254 3549; x_wconf 89' lang='lat' dir='ltr'><strong>regis</strong></span> 
     </span>
     <span class='ocr_line' id='line_1_30' title="bbox 189 3549 1254 3654; baseline 0.002 -22"><span class='ocrx_word' id='word_1_223' title='bbox 189 3549 303 3654; x_wconf 83' lang='lat' dir='ltr'><strong>junior</strong></span> <span class='ocrx_word' id='word_1_224' title='bbox 317 3565 504 3632; x_wconf 90' lang='lat' dir='ltr'><strong>Willelmus</strong></span> <span class='ocrx_word' id='word_1_225' title='bbox 524 3564 666 3644; x_wconf 91' lang='lat' dir='ltr'><strong>nomine,</strong></span> <span class='ocrx_word' id='word_1_226' title='bbox 683 3574 717 3628; x_wconf 91' lang='lat' dir='ltr'><strong>et</strong></span> <span class='ocrx_word' id='word_1_227' title='bbox 731 3587 805 3630; x_wconf 91' lang='lat' dir='ltr'><strong>cum</strong></span> <span class='ocrx_word' id='word_1_228' title='bbox 819 3563 891 3628; x_wconf 90' lang='lat' dir='ltr'><strong>aliis</strong></span> <span class='ocrx_word' id='word_1_229' title='bbox 901 3566 1001 3651; x_wconf 88' lang='lat' dir='ltr'><strong>juxta</strong></span> <span class='ocrx_word' id='word_1_230' title='bbox 1014 3565 1108 3630; x_wconf 90' lang='lat' dir='ltr'><strong>illum</strong></span> <span class='ocrx_word' id='word_1_231' title='bbox 1122 3567 1254 3634; x_wconf 81' lang='lat' dir='ltr'><strong>resedit.</strong></span> 
     </span>
     <span class='ocr_line' id='line_1_31' title="bbox 192 3667 1391 3776; baseline -0.003 -42"><span class='ocrx_word' id='word_1_232' title='bbox 192 3715 194 3719; x_wconf 91' lang='lat'>-</span> <span class='ocrx_word' id='word_1_233' title='bbox 238 3670 302 3734; x_wconf 90' lang='lat' dir='ltr'><strong>His</strong></span> <span class='ocrx_word' id='word_1_234' title='bbox 326 3668 438 3755; x_wconf 86' lang='lat' dir='ltr'><strong>itaque</strong></span> <span class='ocrx_word' id='word_1_235' title='bbox 461 3668 509 3733; x_wconf 93' lang='lat' dir='ltr'><strong>ibi</strong></span> <span class='ocrx_word' id='word_1_236' title='bbox 535 3690 609 3733; x_wconf 93' lang='lat' dir='ltr'><strong>cum</strong></span> <span class='ocrx_word' id='word_1_237' title='bbox 633 3667 763 3732; x_wconf 93' lang='lat' dir='ltr'><strong>domino</strong></span> <span class='ocrx_word' id='word_1_238' title='bbox 784 3689 859 3753; x_wconf 85' lang='lat' dir='ltr'><strong>rege</strong></span> <span class='ocrx_word' id='word_1_239' title='bbox 885 3667 1112 3747; x_wconf 84' lang='lat' dir='ltr'><strong>residentibus,</strong></span> <span class='ocrx_word' id='word_1_240' title='bbox 1133 3669 1253 3736; x_wconf 88' lang='lat' dir='ltr'><strong>abbate</strong></span> <span class='ocrx_word' id='word_1_241' title='bbox 1266 3685 1391 3776; x_wconf 55' lang='lat' dir='ltr'><strong>pauida</strong></span> 
     </span>
     <span class='ocr_line' id='line_1_32' title="bbox 193 3751 1392 3849; baseline 0 -13"><span class='ocrx_word' id='word_1_242' title='bbox 193 3771 291 3836; x_wconf 87' lang='lat' dir='ltr'><strong>etiam</strong></span> <span class='ocrx_word' id='word_1_243' title='bbox 311 3795 385 3836; x_wconf 93' lang='lat' dir='ltr'><strong>cum</strong></span> <span class='ocrx_word' id='word_1_244' title='bbox 407 3771 514 3836; x_wconf 89' lang='lat' dir='ltr'><strong>tribus</strong></span> <span class='ocrx_word' id='word_1_245' title='bbox 533 3769 697 3836; x_wconf 88' lang='lat' dir='ltr'><strong>monachis</strong></span> <span class='ocrx_word' id='word_1_246' title='bbox 722 3769 789 3834; x_wconf 90' lang='lat' dir='ltr'><strong>suis</strong></span> <span class='ocrx_word' id='word_1_247' title='bbox 815 3769 1011 3849; x_wconf 88' lang='lat' dir='ltr'><strong>considente,</strong></span> <span class='ocrx_word' id='word_1_248' title='bbox 1031 3768 1192 3835; x_wconf 88' lang='lat' dir='ltr'><strong>Ricardus</strong></span> <span class='ocrx_word' id='word_1_249' title='bbox 1211 3773 1251 3836; x_wconf 92' lang='lat' dir='ltr'><strong>de</strong></span> <span class='ocrx_word' id='word_1_250' title='bbox 1265 3751 1392 3830; x_wconf 34' lang='lat' dir='ltr'><strong>cdiii?</strong></span> 
     </span>
     <span class='ocr_line' id='line_1_33' title="bbox 192 3871 1251 3952; baseline -0.001 -13"><span class='ocrx_word' id='word_1_251' title='bbox 192 3873 277 3939; x_wconf 90' lang='lat' dir='ltr'><strong>Luci</strong></span> <span class='ocrx_word' id='word_1_252' title='bbox 291 3873 338 3938; x_wconf 87' lang='lat' dir='ltr'><strong>ita</strong></span> <span class='ocrx_word' id='word_1_253' title='bbox 352 3895 487 3939; x_wconf 86' lang='lat' dir='ltr'><strong>exorsus</strong></span> <span class='ocrx_word' id='word_1_254' title='bbox 502 3883 570 3939; x_wconf 87' lang='lat' dir='ltr'><strong>est:</strong></span> <span class='ocrx_word' id='word_1_255' title='bbox 599 3877 622 3909; x_wconf 90' lang='lat'><strong>“</strong></span> <span class='ocrx_word' id='word_1_256' title='bbox 637 3871 779 3938; x_wconf 91' lang='lat' dir='ltr'><strong>Domine</strong></span> <span class='ocrx_word' id='word_1_257' title='bbox 796 3871 842 3937; x_wconf 93' lang='lat' dir='ltr'><strong>mi</strong></span> <span class='ocrx_word' id='word_1_258' title='bbox 856 3893 927 3952; x_wconf 89' lang='lat' dir='ltr'><strong>rex,</strong></span> <span class='ocrx_word' id='word_1_259' title='bbox 943 3882 1050 3937; x_wconf 89' lang='lat' dir='ltr'><strong>vestra</strong></span> <span class='ocrx_word' id='word_1_260' title='bbox 1064 3895 1251 3938; x_wconf 88' lang='lat' dir='ltr'><strong>summonu-</strong></span> 
     </span>
    </p>
   </div>
   <div class='ocr_carea' id='block_1_4' title="bbox 80 4077 1250 4505">
    <p class='ocr_par' dir='ltr' id='par_1_4' title="bbox 227 4077 1250 4148">
     <span class='ocr_line' id='line_1_34' title="bbox 227 4077 1250 4148; baseline 0.001 -14"><span class='ocrx_word' id='word_1_261' title='bbox 227 4079 236 4111; x_wconf 84' lang='lat'><em>¹</em></span> <span class='ocrx_word' id='word_1_262' title='bbox 250 4079 364 4134; x_wconf 84' lang='lat' dir='ltr'><strong>Thomas</strong></span> <span class='ocrx_word' id='word_1_263' title='bbox 375 4079 392 4132; x_wconf 76' lang='lat' dir='ltr'><strong>b</strong></span> <span class='ocrx_word' id='word_1_264' title='bbox 403 4078 511 4136; x_wconf 87' lang='lat' dir='ltr'><strong>Becket.</strong></span> <span class='ocrx_word' id='word_1_265' title='bbox 743 4095 792 4133; x_wconf 84' lang='lat' dir='ltr'><strong>sex</strong></span> <span class='ocrx_word' id='word_1_266' title='bbox 803 4078 841 4131; x_wconf 87' lang='lat' dir='ltr'><strong>let</strong></span> <span class='ocrx_word' id='word_1_267' title='bbox 852 4077 898 4131; x_wconf 85' lang='lat' dir='ltr'><strong>fall</strong></span> <span class='ocrx_word' id='word_1_268' title='bbox 915 4077 960 4132; x_wconf 86' lang='lat' dir='ltr'><strong>the</strong></span> <span class='ocrx_word' id='word_1_269' title='bbox 977 4077 1071 4148; x_wconf 85' lang='lat' dir='ltr'><strong>King’s</strong></span> <span class='ocrx_word' id='word_1_270' title='bbox 1089 4078 1211 4134; x_wconf 85' lang='lat' dir='ltr'><strong>standard</strong></span> <span class='ocrx_word' id='word_1_271' title='bbox 1223 4081 1250 4136; x_wconf 87' lang='lat' dir='ltr'><strong>in</strong></span> 
     </span>
    </p>

    <p class='ocr_par' dir='ltr' id='par_1_5' title="bbox 226 4146 1248 4218">
     <span class='ocr_line' id='line_1_35' title="bbox 226 4146 1248 4218; baseline 0 -14"><span class='ocrx_word' id='word_1_272' title='bbox 226 4149 346 4204; x_wconf 81' lang='lat' dir='ltr'><strong>’Robert</strong></span> <span class='ocrx_word' id='word_1_273' title='bbox 356 4149 382 4202; x_wconf 89' lang='lat' dir='ltr'><strong>le</strong></span> <span class='ocrx_word' id='word_1_274' title='bbox 391 4148 485 4214; x_wconf 82' lang='lat' dir='ltr'><strong>Bossu,</strong></span> <span class='ocrx_word' id='word_1_275' title='bbox 494 4147 589 4202; x_wconf 89' lang='lat' dir='ltr'><strong>second</strong></span> <span class='ocrx_word' id='word_1_276' title='bbox 600 4146 660 4201; x_wconf 82' lang='lat' dir='ltr'><strong>Earl</strong></span> <span class='ocrx_word' id='word_1_277' title='bbox 669 4150 695 4202; x_wconf 82' lang='lat' dir='ltr'><strong>ot</strong></span> <span class='ocrx_word' id='word_1_278' title='bbox 744 4149 785 4201; x_wconf 83' lang='lat' dir='ltr'><strong>his</strong></span> <span class='ocrx_word' id='word_1_279' title='bbox 795 4165 847 4200; x_wconf 88' lang='lat' dir='ltr'><strong>war</strong></span> <span class='ocrx_word' id='word_1_280' title='bbox 858 4147 958 4216; x_wconf 85' lang='lat' dir='ltr'><strong>against</strong></span> <span class='ocrx_word' id='word_1_281' title='bbox 970 4147 1015 4200; x_wconf 86' lang='lat' dir='ltr'><strong>the</strong></span> <span class='ocrx_word' id='word_1_282' title='bbox 1023 4147 1134 4214; x_wconf 82' lang='lat' dir='ltr'><strong>Welsh3</strong></span> <span class='ocrx_word' id='word_1_283' title='bbox 1152 4149 1211 4218; x_wconf 88' lang='lat' dir='ltr'><strong>and,</strong></span> <span class='ocrx_word' id='word_1_284' title='bbox 1221 4152 1248 4204; x_wconf 89' lang='lat' dir='ltr'><strong>in</strong></span> 
     </span>
    </p>

    <p class='ocr_par' dir='ltr' id='par_1_6' title="bbox 192 4217 1247 4288">
     <span class='ocr_line' id='line_1_36' title="bbox 192 4217 1247 4288; baseline 0.003 -16"><span class='ocrx_word' id='word_1_285' title='bbox 192 4217 248 4273; x_wconf 86' lang='lat' dir='ltr'><strong>that</strong></span> <span class='ocrx_word' id='word_1_286' title='bbox 260 4237 355 4286; x_wconf 89' lang='lat' dir='ltr'><strong>name;</strong></span> <span class='ocrx_word' id='word_1_287' title='bbox 372 4219 414 4272; x_wconf 91' lang='lat' dir='ltr'><strong>his</strong></span> <span class='ocrx_word' id='word_1_288' title='bbox 426 4235 473 4272; x_wconf 86' lang='lat' dir='ltr'><strong>son</strong></span> <span class='ocrx_word' id='word_1_289' title='bbox 482 4237 534 4272; x_wconf 87' lang='lat' dir='ltr'><strong>was</strong></span> <span class='ocrx_word' id='word_1_290' title='bbox 547 4218 694 4271; x_wconf 80' lang='lat' dir='ltr'><strong>aberwards</strong></span> <span class='ocrx_word' id='word_1_291' title='bbox 746 4221 821 4284; x_wconf 87' lang='lat'><strong>1163,</strong></span> <span class='ocrx_word' id='word_1_292' title='bbox 838 4217 916 4288; x_wconf 86' lang='lat' dir='ltr'><strong>being</strong></span> <span class='ocrx_word' id='word_1_293' title='bbox 932 4217 1042 4270; x_wconf 86' lang='lat' dir='ltr'><strong>accused</strong></span> <span class='ocrx_word' id='word_1_294' title='bbox 1063 4219 1093 4272; x_wconf 86' lang='lat' dir='ltr'><strong>of</strong></span> <span class='ocrx_word' id='word_1_295' title='bbox 1106 4219 1247 4275; x_wconf 80' lang='lat' dir='ltr'><strong>eowardiee</strong></span> 
     </span>
    </p>

    <p class='ocr_par' dir='ltr' id='par_1_7' title="bbox 192 4286 1246 4361">
     <span class='ocr_line' id='line_1_37' title="bbox 192 4286 1246 4361; baseline 0.001 -18"><span class='ocrx_word' id='word_1_296' title='bbox 192 4289 269 4343; x_wconf 86' lang='lat' dir='ltr'><strong>taken</strong></span> <span class='ocrx_word' id='word_1_297' title='bbox 283 4289 430 4361; x_wconf 88' lang='lat' dir='ltr'><strong>prisonerb</strong></span> <span class='ocrx_word' id='word_1_298' title='bbox 468 4288 520 4342; x_wconf 89' lang='lat' dir='ltr'><strong>this</strong></span> <span class='ocrx_word' id='word_1_299' title='bbox 538 4287 651 4341; x_wconf 85' lang='lat' dir='ltr'><strong>Richard</strong></span> <span class='ocrx_word' id='word_1_300' title='bbox 663 4287 695 4341; x_wconf 90' lang='lat' dir='ltr'><strong>de</strong></span> <span class='ocrx_word' id='word_1_301' title='bbox 744 4287 780 4348; x_wconf 79' lang='lat' dir='ltr'><strong>bv</strong></span> <span class='ocrx_word' id='word_1_302' title='bbox 803 4286 844 4339; x_wconf 89' lang='lat' dir='ltr'><strong>his</strong></span> <span class='ocrx_word' id='word_1_303' title='bbox 868 4304 929 4340; x_wconf 89' lang='lat' dir='ltr'><strong>near</strong></span> <span class='ocrx_word' id='word_1_304' title='bbox 952 4287 1080 4358; x_wconf 85' lang='lat' dir='ltr'><strong>kinsman,</strong></span> <span class='ocrx_word' id='word_1_305' title='bbox 1100 4289 1197 4343; x_wconf 88' lang='lat' dir='ltr'><strong>Robert</strong></span> <span class='ocrx_word' id='word_1_306' title='bbox 1214 4291 1246 4345; x_wconf 87' lang='lat' dir='ltr'><strong>de</strong></span> 
     </span>
    </p>

    <p class='ocr_par' dir='ltr' id='par_1_8' title="bbox 80 4307 1246 4505">
     <span class='ocr_line' id='line_1_38' title="bbox 80 4307 1246 4430; baseline 0.004 -18"><span class='ocrx_word' id='word_1_307' title='bbox 80 4383 83 4388; x_wconf 92' lang='lat'>·</span> <span class='ocrx_word' id='word_1_308' title='bbox 194 4358 258 4412; x_wconf 86' lang='lat' dir='ltr'><strong>Luci</strong></span> <span class='ocrx_word' id='word_1_309' title='bbox 268 4361 295 4412; x_wconf 94' lang='lat' dir='ltr'><strong>in</strong></span> <span class='ocrx_word' id='word_1_310' title='bbox 306 4360 351 4413; x_wconf 90' lang='lat' dir='ltr'><strong>the</strong></span> <span class='ocrx_word' id='word_1_311' title='bbox 362 4307 486 4413; x_wconf 87' lang='lat' dir='ltr'><strong>rebeliion</strong></span> <span class='ocrx_word' id='word_1_312' title='bbox 498 4359 528 4412; x_wconf 85' lang='lat' dir='ltr'><strong>of</strong></span> <span class='ocrx_word' id='word_1_313' title='bbox 538 4359 616 4414; x_wconf 85' lang='lat'><strong>1173.</strong></span> <span class='ocrx_word' id='word_1_314' title='bbox 745 4346 878 4424; x_wconf 82' lang='lat' dir='ltr'><strong>Montfort,</strong></span> <span class='ocrx_word' id='word_1_315' title='bbox 888 4357 939 4410; x_wconf 87' lang='lat' dir='ltr'><strong>and</strong></span> <span class='ocrx_word' id='word_1_316' title='bbox 947 4356 1018 4411; x_wconf 84' lang='lat' dir='ltr'><strong>failin</strong></span> <span class='ocrx_word' id='word_1_317' title='bbox 1045 4359 1071 4412; x_wconf 90' lang='lat' dir='ltr'><strong>in</strong></span> <span class='ocrx_word' id='word_1_318' title='bbox 1079 4358 1123 4412; x_wconf 92' lang='lat' dir='ltr'><strong>the</strong></span> <span class='ocrx_word' id='word_1_319' title='bbox 1132 4359 1200 4430; x_wconf 87' lang='lat' dir='ltr'><strong>duel,</strong></span> <span class='ocrx_word' id='word_1_320' title='bbox 1212 4361 1246 4418; x_wconf 87' lang='lat' dir='ltr'><strong>hc</strong></span> 
     </span>
     <span class='ocr_line' id='line_1_39' title="bbox 230 4427 1145 4505; baseline 0 -22"><span class='ocrx_word' id='word_1_321' title='bbox 230 4429 323 4484; x_wconf 71' lang='lat' dir='ltr'><strong>’This</strong></span> <span class='ocrx_word' id='word_1_322' title='bbox 335 4448 405 4484; x_wconf 87' lang='lat' dir='ltr'><strong>same</strong></span> <span class='ocrx_word' id='word_1_323' title='bbox 415 4447 478 4500; x_wconf 83' lang='lat' dir='ltr'><strong>year</strong></span> <span class='ocrx_word' id='word_1_324' title='bbox 497 4429 588 4500; x_wconf 88' lang='lat' dir='ltr'><strong>Henry</strong></span> <span class='ocrx_word' id='word_1_325' title='bbox 601 4429 633 4483; x_wconf 90' lang='lat' dir='ltr'><strong>de</strong></span> <span class='ocrx_word' id='word_1_326' title='bbox 646 4428 695 4482; x_wconf 83' lang='lat' dir='ltr'><strong>Es-</strong></span> <span class='ocrx_word' id='word_1_327' title='bbox 745 4427 969 4505; x_wconf 83' lang='lat' dir='ltr'><strong>becamcanronk</strong></span> <span class='ocrx_word' id='word_1_328' title='bbox 981 4436 1008 4482; x_wconf 87' lang='lat' dir='ltr'><strong>at</strong></span> <span class='ocrx_word' id='word_1_329' title='bbox 1060 4429 1145 4500; x_wconf 86' lang='lat' dir='ltr'><strong>ading.</strong></span> 
     </span>
    </p>
   </div>
   <div class='ocr_carea' id='block_1_5' title="bbox 0 0 1644 5162">
    <p class='ocr_par' dir='ltr' id='par_1_9' title="bbox 0 0 1644 5162">
     <span class='ocr_line' id='line_1_40' title="bbox 0 0 1644 5162; baseline 0 3"><span class='ocrx_word' id='word_1_330' title='bbox 0 0 1644 5162; x_wconf 95' lang='lat' dir='ltr'><strong> </strong></span> 
     </span>
    </p>
   </div>
  </div>
 </body>
</html>
