3240 5154
554 573 776 625 MONASTERII
801 575 850 625 DE
872 575 996 627 BELLO.
1243 566 1306 629 123

255 719 457 805 Withgarus.
489 721 661 787 'Firmatur
684 733 750 786 tam
770 746 790 786 a
806 733 899 808 patre
915 747 1013 808 quam
1027 736 1062 788 et
1080 725 1160 804 filio,
1185 728 1262 792 fidei
1277 740 1311 794 et

253 825 444 886 sacramenti
459 825 718 910 interpositione,
740 825 781 888 de·
794 825 945 889 solvenda
959 829 1113 911 pensione
1127 829 1174 892 xl.
1192 831 1312 895 solido·

253 946 326 987 rum
340 937 585 1010 praememorata
598 927 778 1007 conventio,
794 929 1011 1012 praesentibus
1025 931 1092 994 illic
1104 953 1178 994 cum
1193 933 1310 997 abbate

254 1027 418 1090 monachis
434 1028 509 1106 suis,
525 1029 685 1092 militibus
700 1029 808 1106 etiam,
821 1029 945 1093 clericis
960 1041 994 1094 et
1009 1031 1098 1096 laicis
1110 1033 1311 1118 quampluri-

253 1129 315 1190 bus
342 1129 561 1194 audientibus.
609 1130 773 1194 Statuitur
794 1132 1002 1216 postmodum
1027 1134 1068 1196 ab
1094 1135 1212 1198 abbate
1241 1136 1311 1199 dies

254 1229 345 1306 alius,
363 1254 428 1315 quo
443 1232 565 1315 pariter
590 1231 781 1316 Withgarus
797 1241 831 1295 et
845 1233 932 1296 filius
947 1235 1018 1319 ejus
1028 1235 1206 1300 Nicholaus
1222 1239 1308 1322 apud

254 1329 383 1396 Bellum
408 1333 610 1411 conveniant,
636 1344 813 1398 conventus
833 1357 1024 1399 consensum
1042 1359 1116 1401 cum
1132 1349 1219 1402 carta
1234 1363 1309 1403 con-

252 1432 441 1498 firmationis
467 1436 659 1521 suscepturi.
698 1435 825 1500 Assunt
838 1437 960 1521 pariter
986 1439 1073 1522 apud
1099 1439 1231 1503 Bellum
1256 1442 1308 1505 die

257 1536 418 1614 condicto,
443 1536 568 1600 scilicet
593 1538 628 1600 in
655 1537 887 1602 Purificatione
910 1539 1015 1602 beatae
1039 1539 1168 1621 Mariae,
1193 1541 1251 1604 ubi
1275 1543 1310 1606 in

252 1637 378 1700 abbatis
394 1648 428 1702 et
443 1639 544 1702 totius
559 1649 737 1703 conventus
751 1641 925 1724 praesentia
939 1643 1115 1726 praedictus
1131 1642 1310 1706 Nicholaus

252 1739 350 1802 fidem
373 1749 408 1803 et
430 1751 665 1805 sacramentum
684 1741 801 1805 iterato
824 1742 979 1826 praestitit
1002 1745 1042 1806 de
1058 1744 1116 1808 xla.
1134 1743 1309 1808 solidorum

253 1842 421 1906 annuatim
436 1842 587 1907 solvenda
601 1844 768 1929 pensione,
785 1855 818 1907 et
832 1844 910 1908 fidei
924 1867 991 1909 non
1005 1845 1091 1909 fictae
1108 1846 1192 1909 circa
1212 1847 1310 1910 abba-

254 1952 320 2006 tem
335 1953 370 2007 et
383 1946 614 2008 monasterium
629 1947 731 2009 sancti
751 1945 888 2009 Martini
904 1948 944 2010 de
960 1947 1054 2011 Bello
1071 1947 1160 2011 fideli
1184 1970 1310 2012 conser-

254 2045 392 2110 vatione.
438 2045 493 2110 Fit
515 2048 555 2110 ad
576 2046 639 2110 ista
660 2057 836 2111 conventus
858 2048 1036 2112 communis
1058 2070 1215 2126 assensus,
1236 2051 1312 2114 data

255 2148 317 2211 sibi
332 2158 422 2212 carta
437 2149 700 2213 confirmationis.

297 2249 381 2314 Cum
421 2251 522 2334 igitur
553 2275 619 2343 per
658 2251 862 2336 aliquantum
904 2261 1031 2336 tempus
1066 2251 1379 2358 praenominatas&
1357 2265 1458 2316 calimins

254 2351 418 2435 pensionis
444 2353 568 2416 scilicet
593 2352 639 2418 xl.
666 2353 841 2416 solidorum
864 2353 950 2417 facta
972 2365 1055 2416 esset
1075 2353 1201 2437 integra
1223 2355 1309 2418 solu·
1321 2369 1372 2408 curh
1372 2368 1421 2426 che
1432 2366 1473 2406 md

253 2453 310 2532 tio,
334 2453 510 2538 praedictus
525 2452 652 2518 Alanus
673 2456 712 2518 de
735 2454 903 2538 Bellafago
919 2453 1128 2538 Withgarum
1152 2455 1308 2520 etlilium
1321 2419 1430 2517 Wthcar⁸

255 2551 325 2633 ejus
355 2549 551 2612 Nicholaum
580 2551 694 2614 callide
728 2550 980 2614 circumveniens
1016 2553 1146 2615 tandem
1178 2575 1346 2636 persua-0
1322 2619 1358 2658 u
1330 2519 1450 2657 wmppiffip
1422 2567 1474 2606 with

254 2651 307 2726 sit,
335 2660 374 2714 ut
397 2650 475 2713 fidei
501 2651 754 2735 sacramentique
783 2652 939 2736 religione
965 2653 1156 2736 postposita,
1186 2676 1206 2716 a
1227 2655 1311 2737 jam-

255 2752 352 2816 dictae
378 2752 543 2836 pensionis
572 2752 631 2816 xla
661 2753 838 2816 solidorum
864 2753 1026 2816 solutione
1051 2763 1220 2818 cessarent.
1197 2754 1311 2818 tEc-

255 2853 384 2917 elesiam
407 2855 568 2938 siquidem
589 2855 628 2917 de
656 2853 880 2918 Mendlesham
895 2854 946 2917 sui
965 2855 1050 2940 juris
1074 2877 1143 2918 esse
1158 2877 1310 2933 asserens,

252 2954 376 3018 irritam
388 2979 456 3020 esse
468 2957 659 3019 causabatur
669 2966 763 3019 extra
773 2979 848 3019 eum
857 2956 974 3020 factam
983 2956 1148 3041 pensionis
1160 2980 1312 3042 augmen·

255 3057 421 3120 tationem.
468 3057 522 3122 Ad
544 3057 644 3141 hujus
665 3058 848 3121 assertionis
868 3077 936 3120 suae
956 3058 1183 3136 munitionem,
1208 3069 1311 3124 cartas

255 3158 408 3241 quasdam
435 3157 599 3219 Warnerii
619 3158 745 3220 abbatis
764 3158 895 3221 nomine
914 3168 1121 3242 praenotatas,
1139 3181 1214 3242 quae
1238 3161 1310 3242 qui-

254 3259 328 3321 dem
343 3257 541 3341 surreptitiae
557 3267 590 3319 et
604 3257 754 3320 falsitatis
768 3267 877 3320 notam
900 3258 1018 3321 habere
1035 3259 1208 3342 diligenter
1221 3260 1310 3324 intu-

255 3361 385 3422 entibus
400 3359 595 3421 videbantur
616 3359 829 3443 proponebat,
847 3381 984 3441 quarum
999 3360 1192 3424 auctoritate
1208 3361 1310 3424 eccle-

255 3463 334 3525 siam
349 3462 388 3524 de
399 3460 634 3536 Mendlesham,
648 3459 813 3523 eeclesiam
828 3460 868 3522 de
884 3459 1073 3538 Brantham‚
1090 3461 1145 3524 sed
1161 3471 1195 3524 et
1210 3461 1310 3524 eccle-

252 3565 331 3626 siam
341 3561 558 3638 deBranford,
570 3583 644 3645 quae
656 3571 690 3624 et
700 3561 771 3646 ipsa
781 3583 846 3624 una
856 3573 906 3625 est
917 3584 960 3625 ex
970 3561 1144 3640 dotalibus,
1156 3573 1310 3648 tanquam

253 3688 297 3728 ex
322 3663 447 3728 abbatis
464 3663 627 3727 Warnerii
654 3663 839 3740 donatione,
865 3665 916 3728 sui
938 3665 1023 3750 juris
1050 3687 1117 3728 esse
1140 3688 1237 3730 ausus
1261 3677 1311 3730 est

253 3775 436 3830 constanter
450 3765 618 3830 affirmare.
666 3765 769 3850 Cujus
792 3767 994 3851 persuasioni
1020 3767 1119 3830 fidem
1134 3789 1310 3831 accommo-

253 3869 365 3930 dantes
379 3866 571 3949 Withgarus
586 3877 620 3930 et
635 3867 723 3930 filius
738 3869 808 3952 ejus
824 3868 1003 3931 Nicholaus
1018 3878 1260 3945 consenserunt,
1277 3878 1311 3932 et

254 3992 273 4031 a
287 3967 448 4031 solutione
460 3967 624 4050 pensionis
639 3968 699 4032 xl⁸.
716 3969 893 4031 solidorum
908 3978 1078 4045 cessantes,
1095 3991 1128 4030 se
1143 3968 1311 4031 ecclesiam

254 4070 293 4133 de
310 4068 536 4138 Mendlesham
561 4091 627 4131 non
653 4070 784 4132 nomine
799 4070 986 4132 monasterii
1001 4069 1103 4132 sancti
1119 4069 1257 4132 Martini
1270 4069 1310 4132 de

253 4170 356 4247 Bello,
367 4169 424 4232 sed
434 4169 563 4232 nomine
580 4169 678 4232 Alani
702 4171 741 4233 de
766 4169 932 4284 Bellafago
957 4179 1067 4232 tenere
1083 4181 1297 4235 asseruerunt.

296 4272 427 4338 Quibus
443 4271 579 4354 cognitis
591 4271 708 4334 abbas
698 4281 816 4335 lterato
830 4271 1029 4385 provinciam
1042 4271 1163 4348 adiens,
1177 4272 1371 4356 utriquesgu
1321 4246 1386 4286 1111
1355 4245 1437 4336 1111111
1409 4299 1432 4334 t

253 4372 366 4435 dedit
357 4395 391 4435 m
406 4373 575 4449 mandatis
592 4381 630 4435 ut
645 4394 754 4435 secum
772 4372 864 4436 habit
851 4383 915 4436 turr
907 4371 1129 4456 colloquium
1145 4373 1207 4437 sibi
1223 4374 1342 4458 apudm
1321 4307 1371 4385 11
1343 4347 1410 4436 11111.
