3264 5144
765 501 964 552 APPBNDIX.

814 746 915 813 VIIL

341 904 479 968 Toxotio
506 903 640 968 Vicorioe
663 906 798 990 antiquo
816 906 855 969 de
875 906 1025 970 Ecclesia
1047 907 1086 970 de
1108 907 1389 971 laicalem—Re-

646 1009 779 1092 pirtrum
794 1007 832 1071 de
846 1008 949 1087 Bello,
964 1031 997 1093 p.
1011 1009 1082 1072 159.

382 1115 578 1202 Ranulphus
603 1115 768 1180 Cicestriae
795 1117 964 1202 episcopus
988 1117 1047 1182 &a
1065 1164 1073 1181 .
1090 1163 1098 1180 .
1116 1163 1125 1180 .
1142 1115 1196 1180 Ad
1221 1117 1387 1181 universo-

334 1240 408 1283 rum
432 1218 581 1282 volumus
606 1217 755 1281 notitiam
781 1218 948 1303 pervenire
974 1218 1064 1302 quod
1091 1240 1149 1281 uos
1170 1219 1209 1281 de
1231 1240 1388 1284 consensu

335 1319 457 1383 domini
472 1317 624 1382 Nicholai
645 1317 807 1402 Haringot
831 1319 960 1404 patroni
984 1318 1127 1382 eccleaiae
1143 1319 1182 1382 de
1201 1318 1386 1398 Yclesham,

334 1442 492 1484 consensu
517 1420 615 1484 etiam
641 1429 675 1484 et
697 1419 863 1485 voluntate
879 1420 1056 1505 Reginaldi
1075 1421 1221 1506 ejusdem
1243 1420 1387 1485 eeclesiae

331 1541 489 1608 personae,
505 1521 656 1586 vicariam
676 1521 717 1586 ab
732 1521 855 1586 eisdem
876 1544 1058 1586 concessam
1077 1522 1148 1585 fieri
1164 1521 1386 1587 aestimationis

333 1647 393 1688 xx.
407 1644 596 1702 marcarum,
616 1621 662 1688 ita
682 1623 864 1687 taxavimus
884 1633 918 1686 et
932 1623 1149 1687 ordinavimus
1162 1645 1221 1708 per
1234 1623 1338 1688 visum
1353 1637 1387 1689 et

326 1727 548 1812 juramentum
567 1723 744 1788 multorum
771 1746 791 1787 a
816 1725 910 1789 nobis
933 1724 1190 1788 examinatorum
1217 1725 1257 1788 de
1278 1724 1385 1788 valore

329 1826 565 1913 pertinentium
587 1825 629 1889 ad
653 1825 839 1906 ecclesiam3
865 1826 929 1893 viz.
954 1826 1043 1911 quod
1064 1825 1202 1888 vicarius
1226 1825 1386 1911 percipiet

328 1951 438 1992 omnes
457 1937 633 2014 proventus
653 1927 762 1991 altaris
780 1939 814 1992 et
831 1927 973 1992 minutas
992 1926 1142 2004 decimas,
1162 1939 1300 2012 excepta
1317 1950 1384 1990 me-

328 2030 447 2095 dietate
459 2031 653 2095 decimarum
668 2029 747 2108 feni,
763 2039 797 2092 et
810 2029 944 2094 habebit
958 2030 1069 2093 domos
1090 2038 1125 2091 et
1139 2028 1275 2092 aedificia
1285 2030 1385 2114 juxta

327 2133 504 2210 ecclesiam,
517 2124 556 2196 xet
583 2142 690 2196 totum
704 2131 787 2194 illud
801 2153 958 2209 mansum,
975 2140 1009 2194 et
1030 2129 1201 2194 exhibebit
1220 2129 1383 2193 ministros

328 2235 472 2299 ecclesiae
500 2233 687 2311 honorifice,
710 2242 744 2296 et
765 2231 865 2296 faciet
886 2232 921 2296 in
949 2253 987 2294 ea
1013 2230 1122 2294 divina
1144 2231 1297 2294 celebrari
1320 2231 1383 2294 sol-

328 2337 511 2422 lempniter,
534 2335 731 2398 sufficienter
754 2345 788 2398 et
809 2333 984 2397 honorifice
1006 2355 1026 2395 a
1047 2333 1174 2396 duobus
1197 2332 1380 2416 capellanis,

329 2449 363 2502 et
373 2439 475 2501 solvet
488 2457 633 2522 personae
642 2435 689 2499 iii.
705 2457 825 2498 marcas
840 2434 965 2517 argenti
975 2434 1157 2511 annuatim3
1173 2433 1240 2497 scil.
1253 2435 1294 2497 ad
1307 2435 1380 2498 fest.

331 2539 409 2604 Nat.
427 2539 561 2603 Domini
581 2546 638 2617 x⁸.‚
654 2538 695 2602 ad
710 2536 834 2600 Pascha
848 2546 905 2614 x'.‚
921 2536 962 2600 ad
977 2535 1052 2600 fest.
1070 2535 1104 2600 S.
1120 2535 1276 2600 Johannis
1297 2537 1382 2621 Bap-

329 2642 416 2706 tistae
431 2652 487 2720 x⁸.,
503 2643 585 2706 etad
600 2641 721 2706 festum
737 2640 771 2705 S.
782 2637 952 2704 Michaelis
967 2649 1024 2717 x⁵.,
1041 2648 1074 2701 et
1089 2638 1263 2702 sustinebit
1275 2640 1381 2702 omnia

263 2741 266 2747 ’
329 2766 425 2808 onera
444 2743 638 2830 episcopalia
651 2741 806 2807 vicarium
821 2739 996 2824 tangentia.
1043 2738 1139 2803 Salvo
1153 2739 1247 2803 nobis
1262 2749 1296 2803 et
1310 2763 1380 2804 suo-

328 2847 506 2910 cessoribus
528 2845 647 2910 nostris
672 2845 707 2909 in
729 2854 924 2928 perpetuum
943 2843 1018 2927 jure
1033 2841 1212 2926 pontificali
1231 2853 1265 2906 et
1287 2865 1379 2927 paro-

327 2947 432 3010 chiali.

825 3061 890 3126 IX.

328 3221 528 3306 Confirmatio
547 3219 699 3284 Ecclesia
714 3220 752 3284 de
770 3219 811 3283 W
808 3219 920 3303 11ᾔείιί
934 3222 967 3283 ia
976 3223 1124 3304 proprios
1137 3224 1378 3309 acca—Repli-

661 3331 742 3386 trum
757 3323 795 3385 de
809 3321 912 3400 Bello,
925 3343 958 3406 p.
972 3321 1043 3385 163.

369 3434 529 3498 Ricardus
545 3435 603 3498 8ι1.
621 3432 786 3497 Cicestriae
808 3431 986 3516 episcopus,
1017 3429 1195 3494 Ecclesiam
1216 3432 1255 3495 de
1272 3432 1376 3496 Alcis-

325 3546 382 3599 ton
393 3558 466 3599 oum
479 3533 586 3597 iliade
598 3533 789 3616 Lullington
801 3533 862 3596 sibi
874 3542 1027 3616 tanquam
1042 3533 1185 3595 membro
1195 3533 1375 3612 coherente,

324 3637 458 3700 cedente
473 3635 525 3697 vel
546 3635 720 3698 decedente
734 3643 858 3696 rectore
873 3635 1027 3718 ejusdem,
1044 3645 1228 3698 memoratae
1244 3637 1375 3700 ecclesie

324 3749 443 3802 nostrae
466 3735 673 3812 contulimus,
690 3735 775 3798 salva
796 3735 993 3818 competenti
1007 3735 1227 3800 vicaria-De
1243 3739 1375 3802 eeclesia

325 3842 365 3906 de
380 3838 563 3904 Westefeld
583 3837 631 3920 sie·
649 3836 803 3900 duximus
818 3834 1029 3899 ordinandum
1039 3839 1305 3912 3—concessimus
1319 3841 1376 3904 ab·

324 3942 392 4008 bati
413 3951 445 4005 et
468 3940 641 4004 conventui
664 3941 703 4004 de
719 3937 813 4002 Bello
834 3959 943 4002 omnes
960 3938 1099 4002 decimas
1119 3939 1207 4002 bladi
1229 3951 1262 4004 et
1283 3942 1374 4026 legu-

324 4045 457 4119 minum,
478 4053 695 4129 praeterquam
714 4041 748 4104 in
763 4040 842 4105 ortis
860 4041 899 4102 ad
920 4040 1119 4124 prebendum
1141 4041 1318 4126 hospitium
1333 4046 1374 4109 ad

322 4149 407 4232 ipsos
419 4144 689 4210 convenientium.
713 4141 854 4205 Retenta
862 4140 1038 4203 vicaria-a
1047 4141 1374 4210 nobis-conferenda

322 4248 521 4333 -percipiet
535 4247 719 4330 quicunque
735 4243 836 4308 fuerit
844 4243 981 4306 vicarius
989 4265 1099 4307 omnes
1109 4244 1317 4311 obventiones
1326 4248 1371 4310 al-

321 4349 397 4413 taris
412 4361 445 4412 et
457 4348 595 4411 minutas
611 4346 758 4422 decimas,
771 4345 908 4409 decimas
923 4343 1001 4420 feni,
1012 4353 1129 4410 terram
1144 4347 1287 4412 ecolesiae
1297 4373 1370 4414 cum
