3240 5154
337 525 400 589 las
643 537 812 589 nrsronn
837 531 1087 589 rnnnnnoms

334 691 469 776 pacifico
489 691 554 754 fine
578 690 728 754 conclusa
750 701 953 775 putarentur,
974 700 1108 774 repente
1128 689 1216 753 idem
1240 691 1391 775 Rogcrus

334 794 411 856 huic
425 793 501 855 vitae
515 793 614 854 finem
628 792 759 871 faciens,
771 793 874 878 ipsam
889 791 1055 855 ecclesiam
1063 802 1231 854 vacantem
1243 793 1389 876 reliquit.

176 943 255 982 ome
336 894 401 958 Sed
424 895 581 978 praefatus
596 893 722 956 Alanus
741 894 780 957 de
809 893 978 976 Bellafago
1001 894 1148 957 defuncti
1174 894 1298 977 Rogeri
1325 895 1390 958 fra-

173 992 314 1083 ssffiffl
334 1008 395 1074 ter,
411 1020 482 1060 eam
507 997 565 1060 diu
582 1019 693 1061 vacare
716 1019 782 1059 non
799 996 1006 1081 permittens,
1029 997 1146 1060 abbate
1170 1006 1205 1059 et
1227 1008 1390 1060 conventu

173 1096 316 1195 ffieffl„
334 1100 373 1163 de
390 1099 483 1162 Bello
498 1098 689 1162 inconsultis
714 1098 828 1162 illicite
847 1120 1003 1182 occupare
1023 1099 1242 1183 praesumpsit.
1289 1099 1390 1165 Quod
1487 1163 1488 1167 ,

173 1196 301 1236 ²¹¹⁶le
334 1203 433 1264 abbas
447 1201 592 1277 audiens,
608 1223 668 1263 nec
685 1201 912 1283 aequanimiter
926 1200 1099 1284 accipiens,
1112 1201 1147 1262 in
1161 1200 1252 1263 curia
1266 1201 1388 1263 domini

332 1304 417 1387 regis
442 1325 539 1387 super
560 1302 747 1387 hujusmodi
768 1302 932 1364 invasione
958 1302 1075 1364 iterato
1090 1302 1246 1386 conqueri
1261 1302 1387 1365 statuit.

335 1405 400 1469 Sed
422 1404 547 1468 Alanus
566 1405 627 1467 hoc
649 1405 778 1487 cognito
799 1403 977 1488 plurimum
993 1405 1126 1481 veritus,
1146 1426 1205 1488 per
1231 1404 1387 1486 quosdam

332 1507 441 1592 magni
466 1507 606 1571 nominis
624 1507 709 1570 viros
734 1507 884 1569 abbatem
907 1505 998 1580 adiit,
1017 1506 1145 1590 sibique
1169 1506 1331 1589 indulgeri
1354 1515 1388 1568 et

333 1611 422 1695 parci
445 1609 634 1694 suppliciter
655 1609 842 1693 postulavit.
887 1607 1018 1691 Magnis
1043 1608 1120 1670 viris
1148 1608 1214 1671 illis
1238 1607 1388 1690 diligenti

334 1737 408 1776 cum
430 1711 585 1776 instantia
604 1733 663 1794 pro
681 1733 720 1773 eo
741 1709 1034 1773 intervenientibus
1048 1724 1083 1772 et
1097 1710 1228 1794 dignam
1249 1709 1289 1772 de
1304 1729 1388 1793 prae-

333 1814 517 1898 sumptione
537 1811 789 1876 satisfactionem
811 1812 1078 1897 promittentibus
1101 1813 1200 1874 abbas
1214 1811 1319 1875 victus
1334 1834 1389 1874 eo-

332 1938 406 1979 rum
431 1915 581 2001 precibus
607 1913 812 1998 importunis,
838 1914 880 1976 ad
909 1925 1037 1998 tempus
1063 1913 1219 1998 conqueri
1248 1909 1387 1991 distulit,

332 2018 443 2082 volens
470 2015 755 2080 intervenientium
780 2014 995 2100 petitionibus
1027 2015 1233 2100 aliquatenus
1262 2015 1389 2077 satisfa-

332 2143 415 2196 cere,
431 2129 465 2182 et
484 2119 585 2182 Alani
608 2118 797 2202 promissam
819 2116 1070 2180 satisfactionem
1095 2117 1215 2180 certius
1237 2117 1386 2200 probare.

332 2221 458 2285 Verum
479 2223 548 2306 jam
567 2219 756 2282 imminente
770 2218 948 2282 vocationis
966 2241 1034 2281 suae
1054 2229 1200 2302 tempore
1223 2240 1288 2301 quo
1308 2218 1387 2281 vitae

331 2323 485 2408 praesenti
505 2323 678 2385 tenebatur
696 2320 896 2398 renuntiare,
911 2321 1097 2384 nullatcnus
1119 2321 1155 2382 in
1173 2320 1235 2383 hoc
1254 2321 1386 2403 negotio
1454 2337 1456 2342 '

331 2425 417 2488 ultra
430 2423 596 2508 processit,
612 2423 699 2486 unde
714 2432 749 2484 et
763 2421 889 2485 Alanus
902 2422 937 2484 in
951 2422 1043 2485 nullo
1058 2421 1267 2498 satisfaciens,
1282 2423 1386 2508 ipsam

332 2527 499 2591 ecclesiam
514 2526 553 2589 de
570 2525 748 2589 Brantham
765 2524 881 2588 abbate
905 2524 1058 2588 defuncto
1073 2547 1131 2608 per
1146 2524 1272 2608 aliquot
1286 2547 1387 2587 annos

330 2629 462 2715 propria
475 2628 578 2691 fretus
593 2627 785 2692 auctoritate
797 2649 870 2690 cum
885 2627 1047 2690 fructibus
1061 2649 1104 2689 ex
1120 2649 1158 2690 ea
1169 2627 1389 2711 provenienti-

330 2732 393 2794 bus
407 2730 560 2816 possedit.

350 2871 354 2878 ·
376 2833 557 2916 Hucusque
580 2833 619 2895 de
641 2831 806 2894 laboribus
829 2841 864 2894 et
883 2831 1157 2895 sollicitudinibus
1176 2831 1236 2894 viri
1253 2854 1386 2894 venera-

210 2987 232 3014 m
330 2935 405 2998 bilis
421 2933 724 3009 abbatisWalterii,
742 2933 862 3018 quibus
877 2945 944 2996 tam
959 2934 1107 2998 ecclesias
1124 2956 1221 3018 quam
1237 2943 1271 2996 et
1285 2943 1386 2996 terras
1444 2929 1448 2936 ’

329 3036 450 3122 injuste
477 3035 631 3098 alienatas
672 3035 799 3098 studuit
839 3058 999 3114 revocare,
1030 3037 1169 3099 sufficiat
1199 3036 1385 3099 summatim

329 3161 432 3222 pauca
446 3137 578 3214 dixisse,
595 3137 718 3222 quippe
743 3159 817 3200 cum
837 3137 945 3200 omnia
967 3148 1006 3200 ut
1025 3147 1117 3200 erant
1129 3137 1259 3222 plenius
1274 3137 1384 3222 expri-

329 3263 426 3317 mere,
442 3239 550 3324 magni
572 3228 735 3303 videretur
757 3238 864 3324 operis
886 3249 920 3301 et
941 3239 1060 3302 laboris
1083 3261 1162 3302 esse.
1208 3239 1314 3302 Decet
1336 3249 1386 3301 ta-

328 3361 404 3404 men
417 3343 479 3405 hoc
501 3341 691 3405 omnimodis
713 3341 856 3404 breviter
877 3325 1029 3418 inserere,
1046 3340 1212 3423 quodnisi
1234 3334 1268 3402 in
1283 3340 1387 3403 eccle-

331 3444 452 3507 siarum
475 3444 632 3506 dotalium
657 3430 783 3506 virilius
819 3441 1079 3527 prudentiusque
1101 3441 1274 3506 institisset
1294 3465 1385 3504 revo-

328 3545 498 3622 cationem,
514 3545 660 3628 profecto
678 3546 734 3629 jus
750 3567 844 3607 omne
866 3543 1050 3607 monasterii
1073 3545 1174 3608 sancti
1190 3543 1327 3606 Martini
1343 3544 1383 3606 de

329 3645 424 3708 Bello
439 3630 527 3728 quod
542 3645 577 3706 in
592 3645 669 3728 ipsis
692 3640 890 3729 abantiquo
909 3646 1060 3722 habebat,
1077 3647 1198 3729 absque
1214 3668 1270 3729 spe
1292 3667 1386 3708 recu·
1408 3713 1409 3716 Ἴ

327 3745 503 3832 perationis
524 3745 655 3831 penitus
677 3746 863 3829 deperisset.
909 3746 1036 3810 Milites
1057 3770 1197 3831 namque
1213 3748 1271 3832 qui
1288 3746 1385 3830 largi-

327 3848 417 3912 tione
437 3870 551 3932 regum
567 3847 624 3932 qui
639 3847 807 3910 Willelmo
831 3847 900 3930 regi
925 3849 1066 3913 secundo
1079 3839 1124 3910 in
1154 3871 1290 3932 regnum
1313 3870 1385 3911 suc-

328 3961 499 4029 cesserant,
528 3949 620 4014 villas
651 3959 684 4013 et
712 3949 855 4013 maneria
881 3949 916 4012 in
942 3972 1081 4033 quorum
1106 3951 1277 4014 territoriis
1302 3950 1389 4034 ipsae¹

328 4054 472 4135 ecclesiae
496 4053 567 4118 sitae
582 4052 733 4116 videntur
751 4061 828 4115 sunt
847 4052 966 4135 adepti,
979 4052 1035 4136 jus
1053 4053 1115 4116 sibi
1138 4061 1327 4138 patronatus
1347 4051 1383 4113 in

327 4155 406 4240 ipsis
429 4155 570 4220 ecclesiis
593 4150 817 4230 vendicantes,¹
842 4152 927 4215 villae
952 4153 1129 4242 cujuslibet
1153 4165 1251 4238 caput
1281 4152 1381 4216 eccle·

328 4257 407 4321 siam
429 4257 511 4322 inibi
529 4257 623 4322 sitam
644 4278 712 4320 esse
736 4255 896 4331 dicebant,
913 4253 1024 4339 sicque
1048 4260 1087 4318 'eo
1107 4255 1179 4341 ipso
1195 4279 1260 4342 quo
1283 4265 1383 4346 caput

458 4403 466 4416 .
556 4383 563 4413 ¹
583 4380 632 4433 See
647 4381 763 4434 Kennett
776 4399 809 4434 on
823 4380 1041 4452 Impropriations,
1054 4399 1079 4452 p.
1094 4381 1136 4438 17.
