3278 5162
371 547 412 617 70
671 564 841 617 mercam
867 561 1115 616 aunuarrours
1195 570 1197 575 ·

370 715 430 778 hoc
455 715 568 779 eodem
594 715 690 779 modo
704 715 823 780 litteris
844 715 911 778 suis
934 714 1164 790 corroborasse,
1187 720 1279 776 etex
1294 720 1372 774 tunc
1387 710 1429 773 ad

370 817 521 881 notitiam
551 817 696 880 omnium
724 817 875 881 transisse
900 815 1067 880 ecclesiam
1094 814 1196 878 sancti
1222 813 1360 876 Martini
1387 812 1427 875 de

370 917 465 983 Bello
488 920 528 982 ab
554 920 642 983 omni
667 920 870 1004 subjectione
900 918 1044 1004 episcopi
1067 915 1275 980 Cieestrensis
1296 914 1427 978 omnino

369 1021 504 1084 liberam
532 1021 642 1086 fuisse.
690 1020 761 1084 Hac
786 1021 888 1105 igitur
915 1020 1040 1084 ratione
1063 1019 1146 1082 tanti
1160 1018 1220 1081 viri
1236 1016 1428 1100 calumpniis

369 1122 468 1186 abbas
503 1123 646 1201 obvians,
675 1123 842 1207 flagitabat
878 1124 1009 1200 obnixe,
1045 1121 1198 1206 quatinus
1233 1120 1427 1196 libertatem,

372 1245 470 1307 quam
492 1224 625 1289 ecclesia
638 1225 794 1310 praedicta
807 1233 972 1287 tantorum
990 1224 1133 1287 virorum
1147 1222 1339 1285 auctoritate
1353 1220 1428 1282 hao-

372 1335 467 1389 tenus
496 1327 666 1391 videbatur
702 1326 892 1412 possedisse,
921 1325 1099 1389 inviolabili
1134 1323 1326 1407 illibateque
1352 1323 1427 1406 jure

372 1435 482 1491 tenere
497 1428 624 1492 licitum
639 1430 735 1494 foret.
781 1427 989 1492 Praesulvero
1004 1428 1055 1490 his
1064 1427 1196 1490 minime
1207 1425 1427 1510 adquiescens,

373 1531 500 1594 crebras
521 1531 632 1595 abbati
660 1531 841 1594 simultates
873 1531 1050 1614 ingerebat,
1077 1527 1316 1593 interminando
1340 1525 1429 1611 quod

372 1632 435 1696 nisi
461 1632 619 1717 synodum
637 1643 776 1718 peteret,
801 1633 1010 1696 interdictum
1030 1641 1105 1716 post
1120 1631 1217 1694 unius
1231 1629 1307 1694 armi
1327 1627 1429 1692 curri·

374 1735 483 1797 culum
505 1734 541 1797 in
567 1736 689 1818 synodo
716 1735 887 1819 sollempni
901 1729 1093 1798 auctoritate
1120 1733 1272 1797 canonica
1296 1731 1427 1795 vinculo

372 1834 465 1898 illmn
480 1835 692 1900 anathematis
707 1837 950 1920 constringeret.
996 1835 1138 1900 Favebat
1152 1844 1261 1899 autem
1284 1833 1333 1896 illi
1348 1844 1427 1896 tunc

373 1935 531 1999 Romanae
554 1946 664 2021 pastor
678 1937 821 2002 eeclesiae
837 1938 1030 2022 Eugenius,¹
1045 1959 1170 2001 necnon
1184 1947 1218 2001 et
1236 1934 1429 2000 venerabilis

374 2036 580 2102 Teodbaldus
595 2036 779 2103 Cantuariae
802 2039 1073 2125 archiepiscopus,
1100 2048 1134 2102 et
1153 2038 1249 2102 multi
1264 2038 1330 2116 alii,
1347 2059 1428 2122 quo-

371 2161 445 2202 rum
456 2139 559 2204 fretus
583 2142 785 2221 auctoritate,
802 2143 952 2206 abbatem
967 2152 1001 2205 et
1015 2141 1182 2205 ecclesiam
1200 2141 1240 2204 de
1255 2139 1350 2204 Bello
1365 2139 1427 2203 sibi

373 2250 407 2304 et
427 2263 495 2304 suae
521 2242 662 2306 ecelesiae
685 2245 816 2328 penitus
839 2246 1010 2330 subjugare
1025 2244 1185 2328 sperabat.
1229 2241 1354 2307 Verum
1370 2265 1426 2326 spe

373 2343 572 2427 consilioque
599 2345 753 2429 deceptus
775 2346 874 2423 inani,
905 2368 973 2408 rem
999 2345 1130 2409 effectui
1155 2345 1335 2428 mancipare
1361 2366 1427 2406 non

372 2445 492 2528 potuit,
519 2445 596 2527 quia
619 2467 692 2529 spes
718 2447 753 2509 in
778 2446 878 2510 dubio
903 2447 1010 2531 posita
1023 2447 1180 2530 plurimos
1194 2467 1427 2530 nonnunquam

373 2547 499 2610 fefellit.

206 2667 354 2770 &efflet
418 2647 568 2714 Quodam
583 2649 684 2732 igitur
694 2651 843 2734 praedicti
859 2651 1017 2736 Stephani
1028 2650 1166 2736 piissimi
1180 2651 1335 2737 principis
1346 2661 1428 2716 tem·

208 2768 340 2809 sainterdict
372 2771 461 2834 pore,
485 2752 643 2835 synodum
663 2754 749 2836 apud
766 2753 955 2818 Cieestriam
976 2755 1064 2817 adire
1087 2754 1185 2818 abbas
1201 2755 1427 2831 summonitus,

209 2819 295 2919 dliii.
372 2873 431 2914 nec
446 2852 588 2930 veniens,
613 2854 805 2918 interdictus
829 2866 877 2918 est
892 2857 932 2919 ab
948 2856 1110 2940 episcop0,
1127 2879 1166 2919 eo
1181 2865 1288 2920 tamen
1303 2866 1427 2934 tenore,
1503 2934 1511 2948 ²

373 2952 461 3035 quod
475 2953 503 3016 si
516 2953 601 3017 infra
615 2956 661 3020 xl.
679 2957 806 3020 dierum
820 2958 962 3043 spatium
977 2957 1199 3022 satisfacturus
1213 2981 1279 3023 non
1293 2959 1428 3037 veniret,

372 3053 411 3115 ab
441 3054 547 3118 officio
571 3078 629 3120 suo
653 3080 825 3143 suspensus
851 3070 998 3125 cessaret.
1045 3059 1145 3127 Quod
1171 3061 1269 3124 abbas
1295 3060 1429 3124 audiens

372 3155 494 3218 curiam
517 3158 605 3241 apud
628 3169 773 3224 sanctum
794 3160 960 3226 Albanum
985 3161 1066 3225 adiit
1091 3181 1306 3246 praepropere,
1330 3172 1429 3246 atque

372 3256 443 3320 haec
466 3259 564 3342 regiae
591 3260 706 3325 intulit
728 3263 823 3328 aulae.
869 3263 947 3327 Rex
962 3263 1083 3347 itaque,
1109 3265 1263 3328 accersito
1289 3264 1430 3348 quodam

373 3358 562 3424 clericorum
584 3385 716 3427 suorum
740 3363 901 3429 Rotberto
916 3365 956 3428 de
972 3363 1159 3428 Cornuvilla
1172 3366 1314 3443 nomine,
1341 3366 1430 3430 misit

374 3460 415 3526 ad
437 3461 635 3548 episcopum,
658 3467 812 3531 mandans
838 3476 873 3530 et
885 3466 1077 3550 praecipiens
1094 3467 1248 3551 quatinus
1263 3469 1430 3532 ecclesiam

375 3565 477 3625 sancti
493 3564 630 3628 Martini
647 3567 686 3629 de
696 3567 791 3631 Bello
804 3569 889 3630 sicut
903 3568 1095 3631 dominicam
1114 3569 1200 3652 regis
1214 3570 1380 3654 capellam,
1397 3581 1431 3634 et

374 3663 495 3746 regiam
510 3687 669 3744 coronam,
685 3668 726 3730 ab
742 3668 829 3731 omni
844 3669 1013 3732 exactione
1025 3678 1059 3733 et
1074 3671 1279 3756 oppressione
1295 3671 1431 3735 liberam

375 3771 409 3826 et
438 3765 581 3848 quietam
609 3766 737 3831 Christo
764 3768 907 3833 Domino
936 3771 1068 3856 pacifice
1105 3772 1226 3835 sineret
1261 3773 1429 3838 deservire.

376 3865 565 3930 Terminum
602 3867 701 3932 etiam
741 3871 772 3933 ei
803 3871 958 3954 praefixit,
986 3873 1139 3956 quatinus
1169 3873 1221 3937 die
1247 3885 1431 3938 octavarum

374 3968 476 4030 sancti
493 3967 644 4048 Andreae,
661 3971 729 4056 ipse
755 3981 789 4035 et
808 3973 906 4036 abbas
919 3973 1124 4037 Lundoniam
1137 3975 1296 4055 venirent,
1323 3988 1362 4040 ut
1383 3978 1430 4040 ibi

374 4068 564 4134 dissensioni
589 4073 776 4136 eorumdem
796 4097 902 4138 coram
925 4085 969 4154 se,
998 4077 1166 4161 episeopis,
1195 4088 1228 4141 et
1256 4079 1432 4144 baronibus

374 4170 440 4233 suis
454 4175 668 4256 praesentibus
682 4175 781 4240 finem
795 4177 985 4261 imponeret.
1021 4177 1085 4242 Die
1101 4180 1277 4246 constituta
1291 4191 1430 4266 uterque

785 4356 791 4387 ¹
812 4355 944 4425 Eugenius
955 4357 1009 4412 111.
