3260 5172
540 585 760 637 nonrsrnmr
787 585 835 632 ns
857 584 979 633 annno.
1234 572 1272 631 31

222 761 294 800 cum
328 737 477 799 omnibus
503 734 708 798 libertatibus
735 744 769 796 et
796 733 958 817 regalibus
987 733 1276 796 consuetudinibus

221 836 455 922 suprascriptis.

265 939 361 1002 Houl
384 961 460 1002 vero
485 938 615 1002 nomine
645 939 680 1001 in
707 938 846 1002 Essexia
874 939 1052 1002 manerium
1077 937 1176 1014 aliud,
1203 959 1276 1000 cum
1291 967 1429 1016 nomam.

221 1041 371 1106 omnibus
401 1060 476 1126 quae
505 1040 568 1104 sibi
596 1041 795 1126 adjacebant,
832 1051 927 1126 pacto
964 1041 1076 1105 eodem
1111 1040 1277 1124 praedictae

221 1143 365 1207 ecclesiae
380 1143 470 1206 dedit
485 1153 518 1207 et
533 1141 741 1207 confirmavit.
799 1143 873 1207 Hoc
888 1143 999 1228 itaque
1014 1142 1114 1206 trium
1127 1142 1277 1206 hidarum

221 1256 255 1308 et
270 1246 369 1309 trium
383 1245 544 1328 virgarum
553 1243 709 1308 divisione
720 1243 900 1308 dimensum
916 1255 975 1309 est.

263 1347 591 1431 Bristwoldingtuna²
624 1357 733 1410 autem
770 1347 881 1410 decem
906 1347 1055 1410 hidarum
1090 1369 1132 1409 ex
1162 1369 1278 1410 corona
1290 1371 1408 1431 ammorr-

221 1471 289 1528 sua,
319 1450 405 1513 idem
433 1449 598 1534 piissimus
626 1470 687 1510 rex
716 1470 785 1510 suae
812 1447 968 1525 ecclesiae,
1007 1449 1042 1512 in
1075 1427 1384 1511 Beanoesira¹¹¹⁸¹¹²”²·

219 1553 327 1628 situm,
353 1573 412 1635 pro
435 1551 542 1613 anima
567 1572 625 1613 sua
639 1549 771 1627 obtulit',
787 1560 821 1612 et
836 1559 924 1612 carta
945 1571 1003 1612 sua
1019 1568 1093 1612 cum
1113 1549 1278 1632 praedictis

217 1654 422 1717 libertatibus
444 1663 477 1715 et
492 1651 655 1735 regalibus
674 1650 964 1713 consuetudinibus
978 1651 1189 1715 confirmavit.

265 1755 484 1819 Craumareis³
508 1775 650 1837 quoque,
672 1760 732 1815 vque
746 1751 905 1831 hidarum,
924 1755 1012 1837 quod
1027 1752 1125 1816 estin
1147 1752 1278 1815 Oxene·
1290 1769 1425 1808 cnumceis·

220 1856 365 1932 fordsira,
382 1856 492 1918 eadem
514 1855 613 1937 regali
637 1853 829 1916 auctoritate
855 1876 920 1936 qua
936 1854 1151 1939 suprascripta
1173 1854 1278 1916 eidem

222 1957 366 2020 ecclesiae
396 1975 464 2018 suae
492 1957 531 2019 de
563 1955 657 2017 Bello
686 1956 843 2017 concessit
881 1965 915 2016 et
949 1956 1048 2018 dedit.
1101 1956 1278 2018 Ecclesiam

221 2059 318 2120 etiam
341 2057 376 2119 in
401 2057 478 2118 villa
503 2057 542 2119 de
559 2055 754 2138 Radingis,⁴
776 2077 820 2116 ex
847 2055 991 2118 dominio
1016 2079 1085 2131 suo,
1110 2079 1183 2118 cum
1206 2078 1280 2138 pos-

223 2159 419 2223 sessionibus
433 2167 466 2220 et
481 2156 575 2220 terris
590 2167 623 2218 et
638 2155 771 2219 decimis
786 2155 834 2218 illi
847 2155 1097 2240 pertinentibus,
1113 2157 1279 2242 praedictae

225 2261 369 2325 ecclesiae
383 2281 451 2324 suae
466 2259 624 2323 concessit
638 2269 672 2322 et
688 2258 788 2321 dedit.

265 2363 335 2426 Sub
361 2363 432 2446 lege
460 2383 590 2445 quoque
615 2361 726 2423 eadem
747 2359 838 2423 dedit
863 2360 966 2424 eidem
991 2361 1135 2426 ecclesiae
1158 2376 1427 2468 mem0'did‘iiaiia

220 2474 308 2528 ratus
322 2487 382 2527 rex
396 2464 431 2526 in
447 2463 644 2528 Devenesira
658 2461 824 2526 ecclesiam
840 2464 1001 2546 quandam
1016 2465 1151 2530 dominii
1166 2467 1228 2544 sui,
1239 2468 1278 2530 de
1429 2453 1434 2465 ⁸

221 2567 296 2629 villa
311 2567 349 2630 de
371 2565 584 2642 Culuntuna⁵,
608 2585 681 2627 cum
707 2564 890 2647 praebendis
912 2565 1058 2649 quinque
1081 2569 1121 2632 ad
1145 2569 1278 2632 eandem

222 2668 469 2752 pertinentibus·

265 2769 389 2832 Verum
413 2767 566 2852 quoniam
586 2767 621 2828 in
642 2768 785 2851 ejusdem
810 2768 983 2852 provinciae
1005 2771 1126 2834 eximia
1148 2771 1278 2835 civitate
1292 2791 1439 2856 oanpqiofst.

223 2871 415 2948 Exoniensi,
439 2870 547 2954 magni
574 2869 715 2933 nominis
740 2880 775 2932 et
800 2869 897 2933 famae
922 2872 963 2934 ab
989 2873 1196 2958 antiquitate,
1221 2897 1280 2958 pro
1293 2842 1380 2932 gibid

222 2973 447 3036 miraculorum
475 2971 596 3034 ibidem
632 2971 828 3055 frequentia,
862 2973 963 3036 sancti
994 2973 1088 3039 Olavi
1124 2977 1208 3061 regis
1245 2987 1280 3040 et

222 3075 370 3158 martyris
385 3074 535 3137 exstabat
549 3073 681 3156 capella,
700 3073 789 3137 illam
805 3096 936 3159 quoque
952 3099 1012 3138 rex
1026 3077 1141 3142 merito
1156 3099 1278 3162 praeco·

222 3176 347 3240 naudus
361 3175 412 3238 uti
427 3197 501 3238 cum
516 3175 686 3237 devotione
701 3176 883 3254 munificus,
897 3197 965 3240 suae
981 3178 1123 3241 ecclesiae
1145 3180 1279 3243 liberam

224 3277 450 3360 possidendam
473 3275 645 3357 delegavit,
661 3297 735 3337 cum
752 3287 836 3339 terra
866 3279 1004 3360 quadam
1034 3278 1220 3356 Sirefordia,
1246 3291 1279 3342 et

223 3371 449 3453 Cheneberia,⁶
464 3387 498 3440 et
511 3375 583 3439 aliis
598 3375 692 3438 terris
706 3376 758 3438 vel
772 3377 905 3439 decimis
922 3379 962 3441 ad
972 3380 1104 3442 eandem
1115 3381 1279 3464 pertinen-

223 3479 337 3543 tibus.l

264 3581 319 3645 Ad
334 3600 409 3665 quae
424 3580 531 3644 omnia
554 3580 739 3664 recipienda
762 3581 852 3659 illuc,
869 3584 909 3647 ab
936 3583 1079 3647 ecclesiae
1095 3583 1180 3648 Belli
1204 3607 1278 3647 con·
1291 3595 1414 3686 mnf·

220 3695 319 3747 ventu
336 3683 466 3768 quidam
481 3682 581 3746 frater
593 3683 762 3746 Gunterus
776 3683 826 3746 vir
840 3693 991 3749 strenuus
1017 3687 1122 3772 primo
1138 3686 1278 3750 directus
1291 3659 1407 3756 ,susat

221 3792 296 3850 est⁸
340 3785 409 3852 Qui
434 3785 557 3849 ibidem
585 3785 756 3870 paululum
784 3798 974 3865 remoratus,
1004 3812 1078 3852 cum
1107 3810 1193 3853 curae
1216 3790 1278 3853 sibi
1291 3747 1420 3798 mmm

256 3944 263 3973 ¹
283 3942 396 3995 Monost.
407 3943 442 3996 ib.
810 3945 821 3974 ⁴
839 3945 887 3997 See
900 3945 944 3997 the
956 3946 1062 4014 Surmy,
1076 3947 1110 3998 ib.
1123 3947 1142 3999 f.
1153 3949 1195 3998 60.

253 4012 394 4064 2Μοῐιαεῖ.
425 4012 460 4064 ib.
512 4011 724 4081 Bn'stoldestone,
810 4015 887 4066 ⁶See
911 4015 955 4066 the
980 4016 1084 4083 Survey,
1097 4016 1115 4068 f.
1137 4019 1196 4068 104.
1222 4015 1278 4068 The

201 4096 203 4100 ’
220 4083 246 4133 in
256 4081 425 4134 thehundred
438 4081 467 4132 of
477 4081 723 4146 Nache-de-dorn03
775 4083 836 4134 land
848 4101 900 4136 was
913 4101 961 4135 one
973 4084 1041 4136 hide.

218 4151 338 4220 formerly
359 4150 419 4202 held
437 4150 473 4220 by
487 4149 601 4203 Harold:
619 4152 723 4222 Survey,
810 4153 820 4183 ⁶
838 4153 886 4204 See
893 4153 937 4204 the
948 4153 1052 4222 Survey,
1068 4152 1085 4204 f.
1096 4155 1155 4206 104,

222 4225 264 4274 59.
300 4220 446 4273 Decreased
458 4220 523 4272 from
534 4220 585 4272 101.
597 4229 624 4271 to
635 4221 669 4273 sl.
810 4222 820 4253 ⁷
838 4223 886 4273 See
905 4222 949 4274 the
966 4222 1059 4274 Kino’s
1073 4222 1173 4275 chartei
1186 4224 1212 4276 in
1234 4225 1278 4277 the

255 4290 419 4360 ³F0nnerly
431 4289 493 4342 held
505 4289 540 4359 by
553 4289 661 4342 Harold.
699 4290 725 4342 It
776 4289 949 4360 Mouasticon,
983 4293 1002 4345 i.
1019 4265 1046 4363 ἶ).
1071 4296 1132 4361 ³62,
1159 4294 1202 4347 old
1224 4295 1278 4348 edi·

220 4360 270 4412 hsd
296 4361 429 4413 increased
449 4359 515 4412 from
537 4359 617 4412 otto
636 4360 671 4413 81.
696 4360 722 4412 in
776 4359 842 4412 tion.

222 4429 312 4482 value:
332 4431 439 4500 Survey,
453 4431 470 4484 i.
489 4430 548 4484 157.
811 4431 822 4463 ⁸
840 4433 857 4460 “
866 4430 936 4484 Ortis
949 4434 1113 4502 postmodum
1126 4434 1278 4506 quibusdam
