3240 5154
364 570 428 636 162
666 583 837 636 meroen
862 579 1111 633 runnsnonrs

364 734 415 799 vel
438 732 651 818 subjectionis
665 732 887 810 occasionem,¹
903 732 961 795 sed
974 753 1018 794 ex
1033 731 1090 815 pio
1104 729 1289 794 dilectionis
1306 731 1429 794 affectu

365 860 433 922 quo
446 859 481 900 se
503 835 688 900 devinctum
707 835 872 900 fatebatur
896 834 992 897 electi
1020 837 1196 918 personae.2
1239 833 1328 897 Data
1348 857 1428 918 ergo

365 939 419 1005 die
442 937 628 1016 Dominioe,
652 940 746 1024 cnjus
771 937 858 1002 diem
886 935 1062 1000 martinum
1086 935 1248 1000 celebrem
1269 937 1429 1000 reddebat

367 1041 470 1108 sancti
495 1040 669 1106 Michaelis
693 1041 881 1116 solennitas,
903 1039 993 1102 venit
1018 1038 1142 1102 electus
1167 1039 1278 1116 abbas,
1301 1039 1429 1102 abbatis

368 1166 487 1209 nomen
509 1153 545 1208 et
566 1144 709 1208 officium
719 1145 789 1228 jam
812 1142 942 1227 plenius
966 1152 1188 1226 suscepturus,
1210 1163 1316 1224 usque
1341 1139 1430 1202 Mal-

367 1246 501 1330 lingam,
534 1247 713 1310 manerium
754 1244 878 1308 scilicet
915 1243 1149 1328 archiepiscopi
1186 1245 1288 1328 juxta
1315 1241 1430 1306 lewes

369 1349 482 1426 sitm,
505 1347 565 1413 ubi
587 1349 629 1412 ab
652 1347 894 1431 archiepiscopo
920 1356 956 1408 ct
979 1369 999 1409 a
1027 1346 1095 1408 suis
1119 1368 1194 1408 cum
1215 1345 1337 1408 honore
1360 1367 1430 1407 sus·

370 1460 499 1537 ceptus,
534 1449 713 1515 solenniter
740 1449 829 1512 omni
861 1456 969 1512 amota
1000 1447 1213 1532 professione,
1245 1447 1298 1510 vel
1330 1447 1429 1509 etiam

369 1553 579 1639 professionis
593 1551 856 1636 interrogatione,
872 1561 923 1614 est
936 1550 1139 1614 benedictus.
1184 1549 1282 1614 Unde
1297 1549 1333 1611 in
1346 1571 1430 1612 cras·

371 1656 443 1720 tino
466 1679 534 1742 quo
556 1666 597 1720 ut
620 1654 765 1720 diximus
789 1654 879 1718 beati
902 1651 1074 1716 Michaelis
1100 1651 1243 1716 solennis
1271 1652 1429 1735 agebatur

369 1758 535 1836 memoria,
559 1779 634 1821 cum
656 1757 698 1820 ad
722 1756 955 1820 monasterium
969 1778 1066 1820 suum
1079 1764 1304 1830 reverteretur,
1320 1775 1430 1817 ocem·

370 1869 464 1923 rente
479 1858 542 1924 sibi
555 1858 837 1944 processionaliter
850 1858 967 1923 festive
982 1859 1070 1922 omni
1081 1857 1339 1942 congregatione,
1355 1878 1430 1919 cnm

370 1985 486 2047 magna
500 1962 645 2026 omnium
663 1971 832 2047 susceptus
847 1971 898 2025 est
910 1961 1126 2040 exultatione,
1150 1959 1281 2044 cognita
1294 1960 1365 2046 ejus
1390 1958 1431 2022 ad

371 2087 480 2130 secum
494 2065 762 2130 commanendum
777 2064 1030 2128 confirmatione.

210 2199 282 2238 αισι.
416 2166 530 2252 coepit
554 2168 622 2252 jam
652 2177 731 2230 tunc
761 2188 830 2230 esse
858 2165 895 2230 in
921 2165 1122 2229 orationibus
1145 2164 1302 2241 devotior,
1326 2162 1363 2226 in
1382 2164 1432 2226 di·

207 2246 337 2340 iiiiiiiielet
373 2269 458 2336 vinis
493 2267 761 2332 meditationibus
790 2266 965 2346 ardentior,
993 2267 1030 2330 iu
1061 2265 1182 2350 vigiliis
1209 2266 1363 2343 crebrior,
1396 2266 1432 2330 in

206 2347 657 2442 lllffmexhortationibm
679 2379 714 2434 et
736 2369 962 2455 exemplorum
990 2370 1152 2434 bonorum
1182 2369 1336 2454 operibus
1364 2380 1432 2432 stu·

372 2471 504 2551 diosior,
535 2471 571 2536 in
603 2470 799 2535 lectionibus
821 2470 1036 2556 frequentior,
1057 2473 1156 2536 verbo
1182 2482 1217 2536 et
1241 2495 1339 2556 opere
1365 2495 1432 2536 om·

372 2575 471 2640 nibus
493 2575 578 2639 bene
602 2574 732 2639 vivendi
757 2574 862 2640 forma
886 2574 1003 2641 factus.
1048 2575 1285 2639 Misericordiae
1304 2575 1433 2638 visceri-

372 2680 435 2746 bus
476 2676 611 2742 affluens
640 2677 728 2743 omni
757 2699 791 2742 se
820 2677 948 2762 petenti
976 2677 1154 2756 tribuebat,
1184 2677 1334 2742 omnibus
1363 2679 1432 2740 sine

373 2780 568 2845 discretione
592 2801 803 2864 personarum
827 2779 1008 2864 hospitalis,
1032 2781 1184 2844 omnibus
1205 2780 1434 2864 praetereunti-

373 2883 436 2948 bus
460 2882 502 2946 ad
525 2881 774 2966 ingrediendum
796 2882 984 2946 monasterii
1008 2882 1112 2967 portis
1141 2881 1273 2967 apertis,
1296 2891 1364 2945 tam
1392 2882 1433 2945 ad

374 2982 586 3047 reficiendum
601 3004 699 3066 quam
720 2983 763 3046 ad
786 2985 1053 3067 pernoctandum.
1099 2983 1253 3049 Personis
1268 3006 1348 3068 quas
1365 3005 1434 3046 mo-

374 3084 507 3150 nasterii
532 3084 647 3170 regula
673 3085 760 3150 intra
787 3084 891 3170 ipsius
915 3096 1007 3173 septa
1031 3109 1097 3152 non
1119 3085 1282 3171 permittit
1299 3107 1435 3170 pernoc-

375 3198 456 3266 tare,
489 3196 584 3253 extra
615 3210 782 3252 murorum
808 3188 968 3252 ambitum
1003 3189 1083 3254 fecit
1114 3188 1345 3275 hospitalitatis
1372 3188 1434 3251 hu-

366 3289 565 3356 manitatem
587 3289 784 3376 impendere.
830 3289 1007 3375 Obsequiis
1031 3291 1149 3354 divinis
1171 3291 1206 3355 in
1228 3289 1434 3367 monasterio,

377 3393 512 3458 lectioni
540 3402 575 3456 et
603 3392 809 3458 meditationi
837 3392 935 3456 simul
964 3393 1220 3458 cumfratribus
1244 3393 1378 3457 vacabat
1401 3393 1435 3456 in

378 3494 531 3572 claustro,
546 3493 657 3560 cibum
679 3495 828 3560 sumebat
847 3493 882 3560 in
896 3495 1081 3574 refectorio,
1097 3497 1221 3580 ubique
1236 3496 1270 3559 in
1284 3495 1442 3559 omnibus.

380 3617 477 3674 unus,
500 3595 561 3660 hoc
584 3597 653 3660 solo
677 3607 829 3682 excepto,
853 3599 943 3683 quod
965 3598 1001 3662 in
1025 3600 1189 3664 communi
1211 3599 1350 3662 fratrum
1369 3621 1437 3662 non

380 3697 568 3782 quiescebat
593 3698 792 3765 dormitorio.
846 3699 1039 3768 Patiebatur
1065 3703 1152 3766 enim
1181 3703 1342 3766 assiduam
1370 3711 1438 3765 sto·

380 3799 486 3864 machi
508 3799 711 3886 indigeriem,
739 3825 804 3886 qua
827 3805 1069 3888 supramodum
1083 3806 1124 3868 ab
1136 3805 1228 3868 annis
1234 3804 1438 3890 juvenilibus

379 3912 527 3982 vexanu,
548 3925 716 3990 nunquam
738 3903 832 3969 facile
857 3906 921 3970 nisi
944 3907 1176 3972 medicinarum
1202 3930 1275 3984 usu,
1301 3917 1336 3970 et
1358 3918 1438 3970 tunc

381 4005 514 4090 quidem
537 4028 612 4072 cum
635 4005 827 4072 difficultate
852 4009 1046 4082 solvebatur.
1092 4009 1133 4074 In
1158 4011 1252 4095 cujus
1275 4009 1437 4073 solutione

381 4129 456 4174 cum
482 4118 566 4174 esset
591 4109 894 4190 verecundissimus,
922 4111 1082 4175 neminem
1102 4111 1295 4176 admittebat
1308 4133 1438 4175 consor-

381 4217 458 4288 tem,
482 4210 644 4275 neminem
673 4211 725 4275 vel
749 4212 791 4276 ad
813 4212 917 4277 visum
939 4213 991 4278 vel
1013 4213 1053 4277 ad
1075 4214 1224 4278 auditum
1238 4213 1437 4299 proximum.

381 4309 454 4376 Hac
478 4335 554 4398 ergo
578 4314 619 4378 de
640 4336 746 4393 causa,
774 4325 868 4380 extra
893 4339 1061 4381 commune
1088 4315 1223 4381 fratrum
1251 4317 1441 4401 quiescebat

415 4437 422 4468 ¹
445 4434 526 4491 Nullo
537 4440 669 4508 monnone,
682 4437 739 4494 MS.
884 4441 960 4496 ²See
972 4443 1017 4496 the
1029 4451 1085 4496 true
1104 4460 1181 4497 cause
1199 4442 1294 4510 before,
1306 4460 1332 4512 p.
1343 4445 1405 4494 152.
