3278 5162
564 569 788 622 nouasrnnn
814 569 864 620 na
889 569 1013 620 amno.
1271 548 1311 621 75

256 727 367 782 autem
390 717 525 784 audiens
547 717 620 782 illos
642 717 727 784 inter
752 741 785 782 se
808 718 1034 803 discrepantes,
1058 715 1173 780 retulit
1195 726 1314 780 cartam

257 820 383 884 abbatis
407 819 484 882 inde
499 819 665 884 discedens
689 821 724 884 in
738 820 893 905 capellam
912 819 1007 903 regis,
1029 841 1166 904 eamque
1186 817 1234 882 ibi
1249 841 1314 882 ser-

257 921 394 986 vandam
415 921 515 1005 juxta
537 921 621 1005 regis
644 931 846 1006 praeceptum
859 919 1007 985 tradidit:
1031 921 1129 984 abbas
1143 942 1219 984 vero
1234 919 1313 982 ami-

259 1045 371 1087 corum
390 1043 523 1086 suorum
544 1043 622 1086 usus
645 1023 790 1101 consili0,
817 1023 858 1086 ad
879 1021 1011 1107 propria
1028 1043 1175 1086 reversus
1190 1030 1250 1099 est,
1265 1020 1316 1083 nil.

260 1125 300 1187 de
331 1123 397 1186 Dei
425 1123 595 1208 desperans
622 1123 756 1188 auxilio.
801 1123 984 1210 Episcopus
1012 1123 1108 1186 laetus
1138 1133 1173 1186 et
1201 1122 1314 1186 hilaris

260 1225 392 1290 effectus
407 1233 466 1302 est,
483 1225 631 1308 sperabat
645 1225 732 1288 enim
746 1225 898 1290 abbatem
913 1224 1146 1310 ecclesiamque
1162 1225 1202 1288 de
1219 1223 1313 1288 Bello

259 1340 356 1395 cartae
371 1338 440 1394 suae
455 1331 584 1394 omnino
599 1331 840 1396 confirmatione
848 1331 978 1416 privari.
1022 1331 1149 1396 Verum
1163 1341 1201 1394 ut
1216 1330 1314 1414 scrip·

260 1441 333 1497 tura
342 1442 491 1509 testatur,
509 1431 648 1497 “Homo
657 1434 821 1518 proponit,
832 1433 925 1496 Deus
936 1442 1046 1496 autem
1056 1431 1234 1516 disponit;”
1249 1453 1315 1495 non

259 1555 371 1618 passus
394 1544 444 1598 est
460 1533 608 1599 Christus
632 1535 799 1599 ecclesiam
814 1557 904 1598 suam
919 1533 1063 1618 antiquis
1085 1533 1151 1596 suis
1167 1543 1201 1596 et
1217 1533 1316 1618 justis

260 1658 366 1700 carere
392 1635 580 1720 privilegiis,
606 1637 663 1699 sed
686 1659 744 1700 sua
769 1635 988 1721 praeveniente
1002 1634 1221 1698 misericordia
1235 1643 1316 1698 tem·

260 1760 338 1823 pore
354 1736 386 1800 ei
400 1746 584 1823 opportuno
598 1736 633 1800 in
647 1738 764 1801 melius
778 1737 933 1802 restituit.

305 1839 431 1902 Eodem
455 1839 566 1921 itaque
592 1861 676 1902 anno
702 1841 737 1902 in
762 1849 908 1924 tempore
937 1838 1085 1904 Paschali
1106 1838 1239 1923 quidam
1270 1859 1461 1918 exayoeuuon

263 1939 395 2023 Angliae
421 1938 587 2002 nobilibus
602 1938 703 2024 Hugo
727 1941 766 2004 de
782 1940 1020 2003 Mortuo-mare
1042 1941 1243 2022 cognomine,
1266 1940 1315 2003 vir
1324 1915 1478 2015 hillidii,

262 2041 387 2125 pollens
401 2040 535 2119 viribus,
561 2042 617 2104 sed
638 2041 742 2105 multo
767 2041 908 2104 maxime
931 2040 1062 2124 ingenio
1081 2040 1217 2118 validuS,
1232 2015 1479 2125 prae-tiliiriftiim'

264 2142 352 2205 dives
378 2141 506 2225 opibus,
540 2142 674 2206 militari
705 2143 837 2226 negotio
877 2149 1038 2218 strenuus,
1065 2163 1175 2224 regem
1200 2151 1315 2225 utpote
1327 2117 1399 2207 diiii
1407 2113 1464 2204 iln‘1⁸

264 2242 500 2306 adolescentem
536 2244 672 2328 ejusque
709 2243 901 2307 industriam
936 2243 1153 2327 indignationi
1184 2215 1442 2321 habens,lii=i}ithe

264 2344 375 2408 castris
389 2343 456 2406 suis
471 2345 605 2408 munitis
621 2345 766 2430 ejusdem
784 2344 928 2428 imperiis
952 2365 985 2408 se
1010 2367 1133 2428 suaque
1157 2343 1318 2408 summitti

263 2443 437 2509 refutabat.
497 2445 548 2508 Ea
561 2469 637 2509 vero
656 2455 829 2530 postquam
851 2446 922 2529 regi
945 2445 1115 2509 enuntiata
1138 2455 1225 2524 sunt,
1242 2468 1318 2509 con·

265 2555 396 2629 gregata
409 2545 551 2609 militum
564 2546 774 2610 multitudine
789 2569 855 2610 non
869 2546 1004 2622 modica,
1018 2544 1126 2630 ipsum
1141 2546 1317 2631 Hugonem

264 2647 299 2710 in
314 2646 454 2729 quodam
470 2656 573 2710 castro
586 2669 645 2710 suo
655 2647 803 2730 Bregge¹
819 2647 949 2710 nomine
965 2647 1102 2723 obsedit,
1119 2647 1268 2730 valloque
1283 2658 1318 2711 et

266 2747 377 2810 castris
402 2747 548 2831 undique
574 2747 795 2824 circumdedit,
823 2769 1016 2830 omnemque
1048 2746 1096 2809 illi
1132 2749 1319 2831 egrediendi

266 2871 356 2933 spem
370 2848 477 2911 omine
492 2858 618 2912 mutato
632 2848 824 2912 interclusit.
870 2847 984 2912 Abbas
999 2859 1108 2911 autem
1128 2858 1257 2933 tempus
1279 2859 1318 2913 ut

265 2951 329 3014 sibi
344 2960 378 3014 et
391 2950 500 3014 amicis
515 2950 581 3013 suis
596 2950 701 3014 visum
716 2960 766 3013 est
780 2959 1001 3035 opportunum
1011 2958 1136 3027 nectua,
1148 2972 1256 3034 regem
1270 2951 1318 3014 ibi

190 3099 194 3107 .
266 3052 356 3129 adiit,
372 3059 416 3129 et,
429 3061 467 3115 ut
481 3051 516 3114 in
531 3051 589 3115 tali
604 3053 697 3116 decet
705 3051 847 3136 negotio,
857 3051 1047 3116 muneribus
1058 3052 1125 3114 suis
1136 3052 1317 3129 honoravit,

266 3163 365 3236 atque
382 3175 477 3236 super
491 3163 578 3216 carta
593 3176 651 3216 sua.
665 3154 771 3218 eidem
786 3176 965 3217 sermonem
987 3153 1110 3216 intulit.
1156 3152 1318 3238 Accepto·

268 3275 332 3337 que
348 3275 367 3314 a
380 3274 456 3335 rege
471 3274 623 3336 responso
639 3276 735 3337 super
748 3254 810 3317 hoc
826 3253 960 3338 optimo,
976 3254 1017 3316 ad
1041 3253 1195 3336 quasdam
1218 3263 1319 3316 terras

268 3375 341 3418 suas
353 3354 452 3437 juxta
465 3353 628 3437 regionem
642 3353 731 3416 illam
746 3355 823 3416 sitas
840 3355 882 3417 ad
901 3363 1029 3438 tempus
1049 3354 1319 3438 perendinaturus

268 3454 410 3518 secessit.
465 3453 567 3517 Haud
592 3453 696 3517 multo
721 3454 929 3538 postmodum
956 3462 1101 3538 tempore
1126 3476 1186 3518 rex
1211 3455 1319 3540 ipsum

269 3556 445 3641 Hugonem
470 3555 511 3618 ad
536 3555 734 3620 deditionem
762 3555 878 3640 coegit,
904 3555 1058 3618 mandans
1082 3579 1142 3642 per
1165 3555 1319 3642 Angliam

268 3658 447 3721 universam
462 3657 727 3742 archiepiscopos,
743 3656 920 3741 episcopos,
936 3668 970 3720 et
984 3657 1137 3721 ahbatum
1151 3658 1319 3743 plurimos,

268 3759 401 3824 comites
416 3769 450 3822 et
463 3759 598 3823 barones
613 3759 792 3836 universos,
810 3769 925 3842 quarto
949 3759 1001 3822 die
1024 3760 1227 3842 praecedente
1256 3760 1320 3824 fes-

267 3871 339 3922 tum
362 3859 465 3923 sancti
489 3859 661 3924 Benedicti
685 3859 790 3924 aestivi
814 3859 969 3944 temporis
994 3860 1116 3922 ibidem
1140 3862 1319 3924 convenire.

271 3961 404 4028 Quibus
418 3962 629 4045 congregatis,
650 3983 718 4046 pax
740 3961 827 4024 inter
849 3983 958 4044 regem
982 3971 1015 4022 et
1039 3959 1215 4042 Hugonem
1237 3960 1323 4025 facta

302 4099 310 4131 ¹
331 4100 352 4154 I.
363 4117 386 4154 e.
400 4099 580 4168 Bridgenorth,
591 4117 619 4152 or
629 4092 768 4220 Cleobupp,
820 4100 847 4152 in
859 4099 904 4151 the
919 4097 1002 4150 hands
1016 4097 1046 4149 of
1060 4097 1104 4150 the
1117 4099 1188 4168 King
1199 4099 1238 4151 for
1247 4099 1323 4154 hum·

755 4187 770 4220 e

267 4170 405 4239 according
412 4179 440 4222 to
452 4169 521 4223 Triv.
531 4170 602 4222 Ann.
612 4173 690 4222 1155.

267 4239 370 4292 refused
397 4249 424 4292 to
454 4238 589 4290 surrender
615 4237 656 4291 his
686 4237 769 4305 lands,
821 4238 919 4290 sensive
937 4246 963 4288 to
982 4236 1045 4290 him.
1082 4237 1321 4308 SeeHemingford,

268 4309 352 4362 which
371 4309 404 4362 he
427 4326 480 4361 was
497 4307 608 4360 ccoused
632 4308 662 4359 of
675 4306 771 4376 having
821 4325 846 4376 p.
858 4309 930 4370 4913
949 4306 999 4358 and
1020 4306 1060 4358 ior
1080 4325 1181 4361 amore
1193 4310 1321 4380 complete

269 4379 381 4450 usurped
390 4377 608 4444 ;-aconvcnient
616 4377 771 4430 instrument
821 4385 939 4443 account,
950 4375 1026 4430 Will.
1039 4373 1211 4448 Neubrigens.
1221 4379 1248 4432 ii.
1259 4383 1284 4433 4.

786 4210 791 4220 .
820 4169 893 4248 bling
914 4167 988 4220 those
1006 4166 1100 4220 barone
1121 4167 1178 4220 who
1200 4187 1267 4222 were
1283 4171 1322 4224 of-
