3278 5162
352 576 419 638 100
650 585 821 638 mutuum
846 580 1097 638 wnnsnoms

395 734 485 800 “Ad
499 735 659 820 synodum
671 755 749 799 vcro
764 735 1016 800 summonitione
1030 735 1142 820 aliqua
1151 733 1216 798 nisi
1230 743 1410 819 spontanea

352 841 399 904 ire
413 838 564 915 voluerit,
583 847 667 902 teste
685 848 774 902 carta
793 860 852 902 sua
875 837 929 902 hic
951 837 1095 922 perlecta
1115 845 1149 900 et
1161 858 1251 900 more
1266 836 1410 920 antiqui·

352 940 429 1006 tatis
452 942 488 1004 in
512 940 646 1005 ccclesia
668 963 729 1005 sua
752 940 910 1004 hactenns
938 949 1136 1016 conservato,
1166 938 1317 1023 compelli
1340 961 1407 1001 non

350 1043 484 1129 poterit.
530 1043 627 1108 Unde
642 1053 681 1106 ut
699 1065 813 1106 verum
833 1042 946 1120 fatear,
962 1041 1010 1106 ire
1030 1041 1073 1106 ad
1091 1041 1250 1124 synodum
1269 1039 1323 1104 vel
1341 1061 1408 1102 non

351 1145 410 1224 ire,
436 1146 581 1231 ejusdem
599 1145 683 1231 juris
708 1156 744 1209 et
767 1154 955 1229 spontaneas
975 1143 1153 1208 voluntatis
1176 1165 1245 1206 esse
1260 1165 1408 1228 compro-

351 1247 458 1311 batur.
504 1246 638 1332 Quippe
653 1267 728 1310 cum
752 1255 879 1322 vestrae,
904 1255 943 1310 ut
957 1245 1107 1310 omnibus
1120 1256 1224 1330 patet,
1247 1267 1315 1310 non
1330 1245 1407 1308 sub·

347 1349 455 1434 jaceat
468 1348 597 1428 ditioni,
620 1348 680 1412 sed
693 1347 776 1411 liber
790 1346 923 1411 omnino
942 1347 984 1410 ab
998 1347 1147 1411 universa
1159 1357 1266 1410 vestra
1287 1346 1408 1410 existat

350 1451 563 1536 subjectione.
1397 1440 1401 1446 ’

394 1556 417 1587 “
434 1551 532 1616 Illum
555 1552 680 1616 avobis
694 1551 1009 1616 excommunicatum
1025 1550 1214 1636 perhibetis.
1259 1549 1334 1616 Hoc
1357 1548 1407 1612 illi

350 1655 566 1741 omnibusque
592 1654 659 1718 suis
681 1653 864 1718 mirandum
881 1652 1022 1732 videtur,
1050 1652 1128 1737 quia
1151 1661 1297 1738 tempore
1320 1650 1407 1736 regis

350 1755 509 1842 Stephani
530 1755 578 1819 nil
599 1755 786 1841 hujusmodi
807 1777 905 1840 super
918 1755 1012 1824 illum
1032 1754 1285 1840 praesumptione
1304 1764 1406 1817 teme-

349 1858 432 1921 raria
453 1880 510 1922 vos
530 1868 656 1922 constat
679 1858 792 1942 egisse.
838 1857 931 1925 Quid
954 1879 1031 1942 ergo
1051 1857 1151 1942 hujus
1173 1879 1260 1922 nunc
1282 1855 1405 1920 domini

347 1959 452 2024 nostri
473 1961 559 2045 regis
573 1970 719 2046 tempore
742 1959 866 2026 avobis
882 1970 991 2023 actum
1014 1959 1058 2022 sit
1079 1959 1281 2043 incognitum
1293 1958 1403 2034 habet,

347 2063 527 2149 praesertim
541 2085 615 2127 cum
640 2062 746 2148 primo
769 2061 861 2146 regni
881 2061 933 2126 sui
951 2083 1046 2140 anno,
1066 2061 1137 2146 ipso
1149 2060 1281 2125 domino
1294 2071 1405 2125 nostro

346 2185 422 2248 rege
437 2163 473 2227 in
486 2163 619 2228 ecclesia
633 2163 734 2228 sancti
749 2162 840 2226 Petri
851 2163 1143 2240 westmonasterii,
1155 2163 1246 2227 vohis
1255 2161 1404 2245 utrisque

347 2286 422 2328 cum
437 2264 508 2328 aliis
522 2263 634 2328 multis
644 2263 871 2348 praeseutibus,
886 2263 1015 2327 missam
1028 2264 1192 2343 audiente,
1199 2264 1258 2327 ubi
1271 2273 1405 2328 ventum

347 2366 453 2429 estad
474 2363 570 2428 ‘Pax
585 2363 741 2443 Domini‚’
756 2385 823 2441 vos,
839 2373 879 2428 ut
896 2365 995 2428 moris
1008 2366 1158 2445 habehit,
1172 2388 1252 2450 pace
1267 2387 1287 2427 a
1300 2387 1404 2428 sacer·

346 2468 422 2532 dote
447 2475 579 2551 accepta
604 2465 735 2530 domino
759 2466 829 2550 regi
857 2466 1024 2545 attulistis,
1051 2478 1151 2553 atque
1175 2467 1285 2532 abbati
1310 2467 1403 2530 vobis

346 2578 432 2633 statu
452 2567 677 2655 propinquiori
697 2569 815 2657 juncto
838 2570 1045 2655 postmodum
1071 2570 1216 2656 ejusdem
1238 2568 1327 2654 pacis
1351 2590 1401 2633 os-

346 2671 456 2736 culum
484 2694 550 2735 non
573 2679 613 2736 ut
635 2671 926 2749 excommunicato,
957 2671 1014 2735 sed
1042 2681 1082 2736 ut
1108 2671 1177 2734 filio
1202 2671 1347 2735 ecclesiae
1367 2681 1402 2734 et

181 2790 332 2845 meresape
345 2771 530 2838 Christiano
554 2771 746 2838 tribuistis.”
789 2771 847 2837 Ad
870 2773 941 2837 haec
966 2773 1157 2858 episcopus:
1182 2772 1257 2837 “Si
1280 2773 1315 2836 in
1338 2773 1401 2836 hoc

182 2843 276 2894 ’Μ’
342 2885 401 2938 aut
426 2875 534 2940 animo
557 2874 707 2939 inscienti
729 2874 781 2938 vel
801 2875 967 2940 nonnullis
987 2885 1026 2940 ut
1044 2876 1237 2940 multociens
1251 2875 1401 2960 provenit

342 2975 594 3060 cogitationibus
609 2985 803 3061 occupatum
817 2977 986 3042 temerarie
1007 2987 1134 3042 constat
1147 3001 1199 3041 me
1224 2977 1399 3061 deliquisse

342 3099 415 3141 mea
437 3076 543 3162 culpa,
571 3087 740 3164 peccatum
767 3099 878 3141 meum
904 3079 1034 3142 domino
1058 3100 1132 3142 meo
1157 3077 1398 3162 archiepiscopo

342 3178 518 3257 confessus,
541 3179 739 3266 poenitentia
762 3179 842 3245 mihi
869 3179 910 3244 ab
937 3179 1050 3245 eodem
1072 3179 1220 3265 injuncta
1242 3179 1398 3243 delictum

341 3280 424 3346 illud
439 3281 591 3347 diluam.”

178 3413 298 3454 mamm.
385 3387 408 3420 “
424 3383 465 3448 In
487 3385 583 3449 cartis
597 3384 741 3448 ecclesiae
764 3404 832 3449 srrae
852 3384 892 3448 de
908 3383 1036 3464 Bello‚”
1054 3383 1261 3448 cancellarius
1275 3383 1396 3469 inquit,

177 3463 315 3554 illim*
342 3491 364 3522 ‘⁴
375 3507 451 3570 quae
484 3486 608 3571 capella
635 3487 719 3571 regis
748 3487 879 3572 propria
907 3487 1057 3551 omnibus
1086 3508 1154 3550 esse
1183 3495 1298 3570 patens
1335 3496 1396 3563 est,

340 3597 453 3650 contra
483 3587 725 3652 Cantuariensis
763 3588 907 3652 ecclesiae
936 3589 994 3652 vel,
1018 3589 1115 3653 etiam
1143 3597 1259 3652 vestrae
1288 3586 1399 3651 Cices·

339 3686 456 3750 transis
470 3686 653 3770 dignitates,
669 3687 717 3752 nil
731 3690 806 3754 novi
821 3689 966 3768 insitum,
983 3690 1239 3774 omnibusquam
1253 3689 1396 3752 maxime

338 3787 619 3874 praeclarissimum
648 3799 707 3854 est.
761 3790 817 3855 Ab
849 3791 963 3857 inclito
1001 3792 1088 3856 enim
1116 3813 1192 3876 rege
1212 3791 1392 3856 ¹Willelmo

338 3890 451 3955 eadem
473 3890 606 3956 ecclesia
629 3901 812 3956 constructa
836 3893 987 3958 maximis
1010 3904 1044 3958 et
1067 3892 1229 3979 praeclaris
1253 3893 1393 3978 dignita-

337 3992 425 4056 tibus
447 3991 628 4058 Lanfranco
645 3991 869 4060 cantuariensi
894 3994 1146 4081 archiepiscopo,
1170 3997 1307 4082 aliisque
1322 3998 1392 4084 epi-

336 4094 435 4180 copis,
459 4094 641 4173 ahbatibus‚
665 4095 840 4160 baronibus
855 4097 1030 4177 nonnullis,
1059 4100 1159 4184 juxta
1173 4121 1300 4163 coronae
1322 4099 1393 4162 An-

335 4196 411 4280 gliae
435 4195 636 4280 dignitatem,
661 4219 735 4261 cum
764 4220 840 4283 rege
869 4221 928 4263 suo
957 4200 1220 4264 confinnantihus
1258 4200 1393 4264 ecclesia

336 4297 493 4382 praedicta
507 4298 693 4380 confirmata
713 4310 772 4378 est,
796 4322 876 4385 quas
893 4303 991 4367 etiam
1012 4324 1117 4389 usque
1137 4302 1235 4366 hodie
1257 4301 1394 4367 inviola-

337 4397 397 4462 bili
420 4398 495 4484 jure
522 4399 663 4462 tenuisse
693 4402 930 4485 comprobatur.
976 4404 1068 4472 Quas
1092 4404 1200 4481 etiam,
1224 4413 1391 4489 praecepto
