3278 5162
513 547 735 598 MONASTERII
762 547 811 596 DE
836 545 962 596 BELLO.
1203 533 1265 592 115

210 692 344 757 minimo
360 695 459 758 immo
475 697 514 759 de
529 697 620 760 nullo
631 698 706 781 jure
721 719 779 760 suo
794 696 972 781 plurimum
986 695 1100 774 diffisa,
1126 717 1185 758 nec
1207 719 1266 780 per

210 818 317 859 senec
332 819 392 880 per
406 798 622 883 responsalem
637 799 827 883 comparuit.
872 797 893 861 J
893 797 1043 862 udicibus
1062 797 1265 861 manifestam

209 898 311 981 partis
332 900 474 963 adversae
491 900 725 963 contumaciam
739 900 993 978 attendentibus,
1014 901 1080 985 jam
1102 899 1193 962 111111
1205 922 1264 983 po-

211 1009 294 1062 terat
316 1000 515 1064 intercedere
537 1001 660 1078 dilatio,
685 1001 764 1085 quin
785 1023 863 1064 mox
878 1001 913 1064 in
929 1023 1023 1065 causa
1041 1001 1261 1084 procederent,

210 1097 250 1160 de
270 1099 345 1183 jure
370 1099 495 1162 abbatis
515 1110 550 1162 et
571 1099 756 1162 monasterii
782 1099 822 1163 de
844 1099 937 1162 Bello
952 1099 1131 1162 certissimi.
1175 1098 1262 1161 Data
1275 1119 1377 1180 senesce

210 1220 287 1282 ergo
307 1200 468 1264 sententia
482 1202 675 1264 auctoritate
697 1200 883 1286 apostolica,
905 1210 1104 1284 sequestrata
1118 1210 1168 1262 est
1178 1179 1377 1310 11111-Ξῖᾖέ

209 1299 294 1363 dicta
315 1301 448 1364 ecclesia
467 1302 506 1364 de
528 1302 725 1380 Middehale,
746 1313 780 1365 et
799 1302 908 1366 abbati
924 1325 1018 1366 causa
1035 1303 1082 1365 rei
1097 1303 1260 1366 servandae
1298 1281 1309 1308 ο
1377 1281 1398 1320 γ’

207 1403 383 1482 commissa,
409 1405 483 1468 data
503 1405 636 1489 quidem
660 1405 858 1481 conditione,
882 1415 921 1467 ut
946 1405 973 1467 si
995 1405 1139 1468 canonici
1165 1427 1261 1488 super

206 1505 315 1568 eadem
330 1529 425 1570 causa
439 1506 525 1570 infra
539 1529 660 1570 annum
675 1508 831 1570 ducerent
843 1506 1048 1589 litigandum,
1064 1507 1162 1568 abbas
1177 1529 1261 1590 prae-

205 1605 304 1671 fatam
328 1608 495 1672 ecclesiam
515 1609 693 1692 resignaret
713 1609 748 1671 in
766 1630 880 1671 manus
900 1608 1060 1692 judicum.
1107 1606 1261 1672 Canonici

205 1718 316 1770 autem
340 1711 431 1794 justa
460 1733 493 1774 se
518 1711 636 1795 judicii
670 1711 794 1775 ratione
829 1710 869 1772 ab
903 1710 1025 1794 injusta
1061 1710 1260 1794 possessione

205 1808 351 1873 videntes
377 1835 445 1875 esse
471 1823 604 1891 amotos,
630 1814 671 1876 ad
700 1823 829 1898 tempus
846 1811 1039 1895 quieverunt
1062 1835 1081 1874 a
1106 1812 1176 1890 lite,
1204 1813 1260 1876 do-

205 1911 294 1974 mino
320 1913 442 1976 scilicet
468 1937 543 1998 rege
567 1914 712 1978 Henrico
735 1925 769 1976 et
791 1915 908 1977 abbate
932 1914 1080 1978 Waltero
1106 1915 1260 1997 supersti-

206 2012 305 2077 tibus.
352 2014 519 2100 Susceptis
536 2015 686 2100 judicum
711 2015 829 2078 litteris
851 2015 1040 2099 patentibus
1065 2014 1106 2077 ad
1132 2015 1260 2079 Norwi-

204 2137 332 2179 censem
354 2117 541 2201 episcopum
565 2117 605 2180 de
626 2117 808 2180 inducendo
828 2117 945 2179 abbate
967 2116 1002 2178 in
1025 2117 1259 2200 possessionem

204 2217 348 2280 ecclesiae
378 2219 418 2280 de
444 2218 633 2282 Middehale
663 2241 758 2281 causa
786 2219 835 2281 rei
864 2218 1040 2295 servandae,
1065 2218 1163 2280 abbas
1180 2241 1258 2281 mox

203 2319 401 2402 possessione
425 2331 583 2406 suscepta,
612 2320 778 2383 ecclesiam
804 2320 932 2385 cuidam
957 2320 1082 2398 clerica,
1111 2319 1258 2384 Roberto

204 2419 401 2507 Philosopho
421 2422 562 2499 nomine,
588 2423 681 2506 cujus
704 2422 812 2486 labore
835 2433 868 2485 et
883 2422 1041 2485 industria
1055 2444 1106 2485 res
1122 2445 1166 2484 ex
1185 2423 1258 2507 plu-

203 2521 285 2584 rima
306 2533 398 2606 parte
413 2523 555 2587 adhunc
570 2523 668 2586 finem
683 2525 839 2608 perducta
853 2534 912 2600 est,
937 2525 976 2587 de
998 2523 1132 2587 ecclesia
1155 2525 1256 2588 sancti

204 2621 342 2687 Martini
365 2625 405 2687 de
420 2624 514 2689 Bello
537 2626 597 2688 sub
621 2634 708 2688 certa
725 2625 880 2709 pensione
902 2625 1074 2688 tenendam
1089 2626 1255 2688 concessit.

203 2724 312 2790 Quam
336 2725 423 2789 idem
445 2725 612 2790 Robertus
636 2728 742 2812 quoad
762 2727 848 2790 vixit
869 2726 1001 2811 pacifice
1023 2726 1177 2810 possedit,
1198 2749 1257 2789 nec

203 2837 271 2889 erat
286 2828 325 2891 de
339 2839 456 2892 caetero
472 2830 530 2913 qui
546 2851 621 2892 1111
637 2852 731 2915 super
749 2831 861 2892 eadem
875 2829 910 2892 in
925 2851 1053 2892 causam
1069 2827 1221 2892 traheret.

246 2929 309 2993 His
332 2931 380 2994 ita
401 2930 478 2994 11111
502 2954 576 2995 cum
602 2931 712 2995 labore
738 2943 772 2996 et
801 2931 991 2995 difficultate
1015 2931 1253 3008 consummatis,
1267 2955 1312 2993 rue
1325 2954 1397 2995 rusa

201 3032 299 3096 abbas
322 3033 363 3095 ad
392 3043 509 3096 caetera
533 3035 655 3118 injuste
681 3034 821 3098 alienata
844 3057 904 3119 pro
930 3033 1053 3096 viribus
1080 3004 1398 3097 11111111111111111111ιιι

201 3133 373 3197 animosior
396 3135 542 3199 redditur
558 3147 592 3198 et
605 3136 772 3220 promtior.
819 3135 926 3218 Igitur
941 3135 1109 3198 ecclesiam
1126 3135 1164 3196 de
1182 3105 1383 3204 Τ11-1ξ111111ι

199 3235 279 3297 lawe
304 3255 379 3318 quae
404 3258 469 3298 una
491 3258 559 3298 esse
586 3236 762 3299 dinoscitur
782 3258 826 3298 ex
844 3235 895 3298 his
917 3237 1052 3319 quasin
1073 3237 1181 3299 dotem
1203 3260 1254 3299 ec·
1266 3204 1416 3304 &palmus

201 3336 307 3400 clesiae
334 3337 436 3399 sancti
462 3336 600 3399 Martini
621 3337 660 3400 de
682 3335 777 3399 Bello
798 3359 817 3398 a
837 3358 912 3419 rege
928 3335 1097 3398 Willelmo
1113 3304 1360 3402 seeundoiiiiis.

199 3461 362 3502 concessas
386 3440 642 3517 memoravimus,
668 3439 800 3524 quidam
820 3439 970 3522 Rogerus
996 3439 1165 3523 presbyter
1194 3441 1253 3504 sub

199 3550 286 3604 certa
310 3541 464 3625 pensione
489 3541 632 3606 ecclesiae
658 3543 697 3604 de
729 3540 822 3604 Bello
848 3541 1014 3605 annuatim
1038 3541 1189 3606 solvenda
1204 3565 1253 3605 re-

198 3643 330 3706 troactis
344 3643 545 3728 temporibus
560 3654 719 3707 tenuerat.
766 3642 834 3709 Qui
855 3664 929 3706 curn
943 3643 1159 3727 postmodum,
1175 3644 1251 3708 fidei

198 3756 232 3808 et
245 3745 409 3829 religionis
425 3746 556 3823 oblitus,
573 3770 592 3810 a
606 3747 726 3810 debitae
744 3745 908 3830 pensionis
923 3755 1062 3810 cessaret
1077 3746 1249 3824 solutione,

197 3847 365 3931 ipsamque
393 3848 560 3912 ecclesiam
591 3872 610 3911 a
630 3850 705 3933 jure
734 3847 877 3911 ecclesiae
912 3848 1014 3910 sancti
1043 3847 1181 3910 Martini
1210 3849 1249 3910 de

199 3948 293 4012 Bello
307 3948 467 4024 niteretur
481 3949 671 4025 abalienare,
688 3949 746 4012 ubi
762 3971 812 4012 res
827 3949 868 4011 ad
882 3948 1009 4010 abbatis
1025 3957 1059 4010 et
1074 3958 1249 4010 conventus

198 4050 238 4112 de
255 4049 348 4112 Bello
370 4050 428 4134 qui
448 4059 527 4112 tunc
547 4051 700 4134 temporis
721 4059 812 4112 erant
831 4049 979 4133 pervenit
997 4048 1157 4124 notitiam,
1174 4069 1249 4110 eum

197 4173 294 4236 super
314 4151 375 4214 hoc
396 4151 570 4213 instantius
586 4160 756 4213 traxerunt
779 4151 814 4212 in
829 4171 966 4218 causam.
1014 4148 1159 4211 Tandem
1174 4171 1249 4212 con-

197 4255 302 4316 victus
329 4275 401 4316 cum
428 4276 461 4316 se
487 4251 656 4315 resistendi
684 4252 850 4335 impotem,
874 4252 1009 4336 jamque
1037 4249 1250 4315 ecclesiastica

198 4379 332 4420 censura
357 4357 396 4419 ab
418 4357 521 4442 ipsius
542 4353 686 4418 ecclesiae
704 4353 902 4439 possessione
918 4364 1123 4438 cognosceret
1138 4354 1249 4439 expel-

1103 4471 1112 4506 1
1128 4457 1145 4507 2
