3240 5154
336 527 398 588 122
628 539 800 592 memma
825 538 1075 590 FUNDATIONIS

334 689 414 753 Post
435 689 638 774 aliquantum
651 713 727 754 vero
749 690 964 754 institutionis
986 711 1054 752 suoe
1076 699 1216 772 tempus,
1231 709 1291 772 pro
1312 711 1390 751 con-

332 793 505 856 suetudine
527 815 651 869 eorum,
676 793 734 876 qui
754 815 853 855 novas
873 791 1055 876 suscipiunt
1083 790 1388 866 administrationes,

331 895 456 980 praedia
469 905 504 957 et
517 895 735 979 possessiones
749 895 784 957 in
799 894 931 957 diversis
946 903 980 955 et
992 892 1125 956 remotis
1139 891 1287 976 partibus
1301 893 1389 976 posi·
1611 843 1613 942 l

332 1008 391 1074 tas,
407 995 511 1078 gratia
521 995 713 1058 visitationis
727 995 886 1070 aditurus,
898 995 1096 1079 presbyteris
1111 1005 1145 1056 et
1160 993 1283 1057 clericis
1297 995 1389 1056 dota-

331 1099 413 1162 lium
435 1098 641 1162 ecclesiarum
664 1121 744 1182 quas
766 1099 802 1160 in
824 1099 973 1174 Essexia,
989 1097 1214 1175 Northfollria,
1230 1110 1264 1161 et
1287 1097 1388 1160 Suth-
1610 1067 1613 1276 4

331 1200 433 1264 folkia
447 1200 525 1264 sitas
538 1201 785 1264 memoravimus
796 1200 887 1264 dedit
895 1201 930 1263 in
939 1200 1108 1277 mandatis,
1121 1211 1160 1262 ut
1170 1200 1232 1262 sibi
1244 1201 1388 1284 suisque,

331 1326 390 1388 pro
405 1303 516 1366 debita
528 1304 772 1381 consuetudine,
788 1303 924 1366 duarum
946 1312 1165 1387 praepararent
1185 1301 1221 1364 in
1242 1301 1390 1366 ecclesia-

331 1427 405 1468 rum
430 1404 688 1490 possessionibus
711 1405 855 1489 hospitia
871 1405 1026 1468 noctium.

169 1530 249 1569 simu·
257 1529 283 1570 11
378 1506 572 1571 Perveniens
596 1529 699 1591 usque
718 1507 895 1570 Brantham
916 1505 1024 1569 nuntii
1045 1505 1186 1590 bajulus,
1211 1505 1318 1568 Alano
1345 1505 1386 1568 de

169 1581 290 1670 iiim
335 1607 699 1693 Bellafagomandatum
711 1609 838 1672 abbatis
854 1608 1012 1693 porrexit,
1030 1609 1088 1670 sed
1101 1607 1157 1670 ille
1172 1608 1213 1670 ad
1231 1630 1306 1670 eum
1326 1631 1387 1670 nec

169 1679 292 1719 ,1111111111-

169 1729 311 1817 terpument,
334 1719 372 1773 ut
391 1711 558 1773 dominum
578 1733 637 1774 nec
651 1721 690 1773 ut
703 1711 864 1794 hospitem
878 1708 1119 1793 suscipiendum
1134 1709 1297 1772 ullatenus
1312 1732 1388 1772 con·

169 1791 276 1917 iistis?
334 1811 444 1888 sensit,
471 1834 505 1874 se
533 1811 624 1874 nullo
652 1812 838 1896 hujusmodi
868 1811 951 1873 circa
977 1833 1053 1873 eum
1079 1833 1222 1873 asserens
1251 1811 1387 1894 obligari

168 1890 247 1920 ΗΜ
334 1912 456 1977 debito.
509 1911 649 1975 Distulit
663 1914 762 1976 abbas
776 1914 818 1976 ad
832 1922 960 1996 tempus
977 1922 1077 1975 tantae
1092 1912 1222 1997 injuriae
1238 1913 1387 1997 tantique

333 2025 537 2100 contemptus
556 2015 715 2078 ultionem
729 2037 888 2098 quaerere,
912 2013 940 2075 si
955 2013 1040 2076 forte
1055 2013 1143 2076 idem
1164 2012 1290 2076 Alanus
1304 2013 1339 2076 in
1353 2036 1387 2076 se

331 2117 460 2181 rediens
480 2118 578 2180 vellet
603 2116 800 2201 resipiscere.
851 2115 996 2178 Cernens
1020 2115 1147 2178 Alanus
1170 2138 1204 2178 se
1229 2138 1297 2179 rem
1320 2127 1387 2178 tam

331 2229 622 2302 praesumptuosam
637 2218 770 2302 impune
787 2216 948 2294 transisse,
964 2239 1022 2280 nec
1038 2215 1084 2279 sic
1098 2227 1279 2295 contentus,
1302 2217 1388 2280 malo

331 2321 425 2403 pejus
452 2320 580 2381 studuit
603 2319 752 2403 adjicere.
791 2318 922 2381 Abbate
945 2340 1086 2401 namque
1113 2329 1221 2402 partes
1246 2319 1327 2395 illas,
1352 2319 1387 2381 in

333 2419 453 2501 quibus
474 2429 660 2484 memoratae
681 2419 803 2482 dotales
826 2419 970 2483 ecclesiae
991 2421 1063 2482 sitae
1085 2421 1248 2496 videntur,
1269 2420 1387 2482 iterato

332 2520 483 2597 adeunte,
508 2521 646 2604 contigit
666 2543 742 2584 eum
762 2521 797 2585 in
817 2521 996 2585 festivitate
1012 2522 1168 2584 transitus
1192 2522 1282 2585 beati
1297 2521 1387 2585 Mar-

332 2622 394 2685 tini
404 2645 508 2707 usque
524 2623 758 2701 Mendlesham,
772 2626 865 2709 cujus
880 2625 1037 2688 territorii
1052 2624 1185 2687 ecclesia
1200 2647 1265 2686 11111
1279 2634 1328 2686 est
1343 2645 1387 2686 ex

332 2725 495 2789 dotalibus
509 2725 687 2810 pervenire,
711 2726 795 2790 etin
810 2727 954 2790 ecclesiae
968 2727 1169 2811 possessione
1184 2736 1283 2810 prout
1295 2727 1388 2788 dece-

331 2827 389 2890 bat
408 2850 427 2890 a
440 2849 577 2911 persona
596 2827 740 2910 ejusdem
755 2826 899 2889 ecclesiae
913 2827 1097 2912 antiquitus
1111 2827 1262 2890 instituta
1276 2826 1388 2890 With-

331 2952 408 3012 garo
422 2929 552 2990 nomine
568 2938 764 3011 susceptum,
790 2928 1017 2992 solennitatem
1042 2930 1171 3014 patroni
1192 2929 1243 2992 sui
1265 2929 1388 2991 ibidem

332 3030 491 3092 celebrem
505 3051 610 3112 agere.
647 3027 770 3092 Volens
784 3029 870 3092 idem
887 3030 1080 3114 Withgarus
1095 3031 1162 3094 suis
1176 3040 1251 3115 post
1266 3053 1299 3093 se
1313 3053 1388 3114 pro-

331 3130 451 3208 videre,
475 3131 625 3194 abbatem
640 3131 800 3210 convenit,
825 3141 863 3194 ut
883 3134 1045 3215 quendam
1059 3133 1163 3196 filium
1180 3134 1250 3218 ejus
1266 3133 1388 3197 Nicho-

332 3230 419 3295 laum
434 3231 563 3295 nomine
578 3231 613 3294 in
627 3230 729 3316 ipsam
744 3232 910 3296 ecclesiam
925 3234 964 3296 de
975 3233 1200 3298 Mendlesham
1215 3235 1388 3298 admitten-

333 3334 411 3397 dum
433 3333 638 3409 consentiret,
655 3333 757 3417 ipsius
771 3335 898 3398 abbatis
912 3324 1162 3419 praesentatione
1184 3359 1243 3420 per
1266 3337 1389 3420 episco-

333 3459 412 3520 pum
431 3436 678 3499 instituendum.
723 3433 896 3498 Consensit
917 3438 1048 3500 tandem
1068 3438 1167 3501 abbas
1185 3438 1226 3500 ad
1246 3437 1388 3522 petentis

335 3536 533 3614 instantiam,
548 3535 712 3598 mediante
736 3543 844 3599 tamen
871 3538 1068 3615 conditione,
1093 3549 1131 3602 ut
1154 3538 1277 3601 scilicet
1303 3538 1390 3601 idem

335 3637 526 3720 Withgarus
549 3637 605 3720 qui
629 3646 763 3698 eatenus
785 3639 916 3702 nomine
941 3641 1087 3724 ejusdem
1110 3640 1255 3703 ecclesias
1277 3640 1389 3702 decem

335 3749 462 3802 tantum
477 3738 596 3801 solidos
611 3737 777 3800 annuatim
793 3738 941 3819 solverat,
968 3741 1006 3804 de
1023 3751 1140 3804 caetero
1156 3741 1295 3804 solveret
1317 3741 1388 3805 xla¹

334 3839 433 3906 Facto
455 3840 609 3923 utrinque
629 3861 797 3916 consensu,
818 3839 886 3903 dies
902 3864 940 3904 eo
963 3843 1119 3905 statuitur
1134 3866 1200 3926 quo
1216 3865 1389 3906 consensus

333 3944 456 4006 firmius
484 3943 701 4005 roboraretur.
749 3939 854 4004 Adest
876 3942 928 4004 die
956 3943 1170 4006 determinato
1194 3944 1292 4006 abbas
1315 3967 1390 4007 cum

334 4045 400 4108 suis
424 4045 510 4129 apud
526 4042 766 4119 Colecestriam,
787 4043 880 4105 adest
901 4054 935 4106 et
957 4066 1031 4106 cum
1055 4045 1124 4107 filio
1149 4067 1207 4108 suo
1231 4045 1390 4109 Nicholao

370 4159 461 4212 *This
481 4177 565 4212 seems
585 4177 600 4212 1
620 4159 689 4229 large
711 4159 834 4211 increase,
884 4160 1015 4230 pensione.
1051 4161 1099 4212 See
1119 4178 1191 4214 some
1210 4179 1253 4214 ver
1287 4163 1391 4215 curious

330 4230 383 4282 But
408 4230 485 4282 about
509 4229 561 4281 this
581 4228 643 4281 time
667 4229 711 4281 the
732 4227 834 4280 Abbots
884 4229 1030 4282 researches
1067 4247 1100 4281 on
1136 4230 1188 4283 this
1225 4179 1325 4298 subject
1362 4232 1390 4284 in

329 4299 411 4368 began
446 4309 473 4350 to
509 4315 613 4367 oppress
649 4297 694 4350 the
730 4297 833 4348 inferior
882 4296 1062 4370 [Wharton’s]
1072 4298 1186 4352 Defence
1196 4301 1225 4353 of
1235 4300 1396 4368 PluralitieS,

328 4368 423 4439 clergy,
436 4367 486 4420 and
499 4377 575 4419 exact
586 4367 652 4419 from
666 4366 736 4418 them
750 4366 832 4435 larger
881 4385 906 4436 p.
922 4371 981 4421 106.
