3240 5154
351 559 414 620 142
648 570 817 622 HISTORIA
843 567 1092 619 FUNDATIONIS

348 724 446 786 debet
460 722 547 806 apud
562 721 707 806 ejusdem
723 720 867 784 ecclesiae
883 720 998 784 fratres
1023 742 1091 783 esse
1110 719 1277 796 celebrior,
1303 743 1407 804 quan·

348 835 383 888 to
397 825 438 888 ad
453 846 564 887 eorum
581 823 716 887 tuendas
730 824 897 887 libertates
913 823 1092 886 dinoscitur
1109 823 1209 886 fuisse
1225 821 1405 885 sollicitior.

347 925 429 990 Erat
444 927 576 1011 quidem
591 928 668 990 dum
683 925 865 989 cancellarii
880 926 1071 1009 fungeretur
1086 925 1193 990 officio
1208 925 1293 987 inter
1309 946 1406 1008 quos-

346 1028 429 1092 libet
453 1039 527 1113 post
542 1028 708 1092 dominum
728 1049 837 1110 regem
853 1027 1034 1092 nominatos
1049 1028 1084 1091 in
1098 1050 1198 1111 regno
1215 1026 1405 1090 nominatis-

346 1131 456 1207 simus,
486 1131 571 1194 inter
608 1129 772 1214 quoslibet
799 1130 1000 1213 potentiores
1028 1129 1285 1213 potentissimus,
1316 1129 1404 1191 inter

346 1233 509 1317 quoslibet
545 1231 630 1315 regis
668 1230 841 1294 familiares
878 1230 1156 1295 familiarissimus.
1214 1230 1405 1294 Procuravit

344 1335 455 1419 itaque
476 1357 536 1398 rex
559 1333 648 1398 omni
674 1356 748 1396 cum
768 1333 924 1396 instantia
939 1333 1093 1417 quatinus
1109 1333 1403 1417 archiepiscopatus

346 1437 587 1500 Cantuariensis
611 1436 735 1521 apicem
761 1446 1023 1520 consequeretur,
1050 1437 1143 1520 cujus
1159 1435 1299 1519 dignitas
1313 1435 1401 1497 inter

344 1539 576 1602 ecclesiasticos
590 1539 727 1602 honores
741 1538 846 1622 prima
859 1537 894 1601 in
908 1561 1009 1622 regno
1025 1560 1093 1600 esse
1110 1537 1299 1601 dinoscitur.
1334 1536 1401 1599 Pu-

343 1642 435 1705 tabat
458 1663 598 1725 namque
626 1663 702 1703 eum
729 1662 772 1703 ex
797 1640 932 1724 antiqua
955 1639 1174 1703 familiaritate
1198 1640 1236 1703 in
1250 1639 1401 1703 omnibus

344 1766 420 1828 quae
449 1743 548 1806 vellet
577 1764 741 1805 assensum
769 1743 995 1827 praebiturum,
1018 1765 1078 1806 nec
1102 1743 1164 1806 sibi
1180 1743 1292 1827 quavis
1312 1764 1402 1805 occa-

344 1845 434 1908 sione
462 1844 497 1907 in
520 1845 631 1928 aliquo
656 1845 939 1908 contradicturum.
984 1844 1110 1909 Verum
1135 1868 1173 1908 eo
1188 1845 1267 1908 talia
1280 1867 1400 1928 propo-

343 1957 452 2024 nente,
476 1946 568 2010 Deus
594 1947 689 2030 longe
715 1946 808 2010 aliter
832 1947 1046 2031 dignatusest
1062 1947 1241 2032 disponere.
1287 1945 1401 2030 Adep-

344 2059 398 2112 tus
430 2049 590 2132 siquidem
621 2059 721 2112 tantae
761 2049 928 2134 dignitatis
966 2049 1091 2133 apicem
1129 2049 1178 2112 vir
1207 2047 1400 2112 venerahilis

345 2150 496 2228 Thomas,
519 2152 593 2236 plus
609 2151 773 2235 cogitabat
788 2151 828 2214 de
840 2169 1050 2236 oneraquam
1065 2152 1104 2214 de
1119 2151 1251 2227 honore,
1268 2150 1343 2234 plus
1358 2150 1399 2212 de

343 2275 430 2317 eurae
460 2253 628 2338 pastoralis
652 2253 819 2337 gravitate,
844 2276 941 2336 quam
968 2255 1007 2316 de
1032 2252 1200 2338 temporali
1227 2252 1397 2336 dignitate.

344 2356 494 2419 Honores
518 2355 553 2417 in
578 2377 617 2418 eo
641 2355 817 2417 secundum
841 2355 975 2440 vulgare
998 2356 1204 2440 proverbium
1229 2354 1400 2416 mutabant

343 2479 457 2532 mores,
487 2478 553 2519 non
571 2465 611 2518 ut
632 2455 700 2518 fere
716 2455 860 2518 omnium
875 2477 944 2519 mos
965 2467 1024 2533 est,
1045 2457 1080 2518 in
1095 2455 1248 2532 deterius,
1271 2456 1327 2518 sed
1341 2476 1400 2539 per

343 2557 486 2642 singulos
512 2557 580 2620 dies
606 2556 640 2620 in
666 2556 793 2622 melius
838 2557 993 2622 Veterem
1009 2580 1147 2642 namque
1159 2556 1323 2621 hominem
1339 2556 1397 2639 qui

342 2661 519 2724 secundum
545 2659 689 2723 seculum
709 2670 778 2722 erat
798 2682 933 2737 exuens,
957 2677 1076 2722 novum
1096 2659 1260 2722 hominem
1276 2658 1334 2742 qui
1349 2680 1399 2721 se·

342 2763 484 2825 cundum
511 2762 620 2824 Deum
645 2772 770 2824 creatus
798 2772 857 2840 est,
890 2763 1055 2844 satagebat
1087 2761 1233 2824 induere.

385 2863 497 2947 Coepit
511 2863 634 2926 interea
647 2885 708 2925 rex
719 2863 802 2926 velle
818 2862 999 2947 opprimere
1016 2863 1188 2946 dignitates
1203 2861 1396 2925 ecclesiasti-

254 3035 260 3049 ,
341 2987 402 3040 cas,
415 2963 647 3048 archiepiscopi
658 2973 692 3026 et
701 2965 974 3048 suffraganeorum
987 2966 1058 3049 ejus
1073 2987 1236 3028 assensum
1250 2964 1396 3049 exigens.

342 3065 629 3129 consentientibus
641 3065 800 3150 episcopis
811 3088 876 3129 non
886 3067 1045 3130 consensit
1058 3066 1327 3151 archiepiscopus,
1343 3066 1398 3128 de·

340 3168 499 3230 sensorem
523 3189 557 3229 se
584 3166 742 3230 exhibens
758 3168 911 3246 eeclesia,
933 3190 998 3231 non
1011 3168 1281 3253 impugnatorem.
1327 3167 1400 3230 Ex-

339 3269 418 3333 arsit
445 3269 546 3353 igitur
581 3269 730 3332 adversus
757 3291 832 3332 eum
860 3292 920 3332 rex
949 3292 1022 3332 cum
1053 3269 1211 3354 episcopis
1241 3279 1275 3332 et
1304 3269 1397 3352 regni

339 3371 551 3456 optimatibus
565 3371 600 3434 in
612 3381 702 3434 tanta
716 3371 946 3454 indignatione,
962 3382 1001 3434 ut
1011 3373 1079 3457 jam
1094 3371 1177 3434 nihil
1193 3394 1261 3434 esse
1272 3371 1397 3434 videre-

339 3483 393 3536 tur
416 3474 550 3557 antiqua
572 3472 712 3549 dilectio,
737 3474 884 3557 concepti
910 3474 994 3537 circa
1019 3474 1125 3558 ipsum
1150 3473 1216 3536 odii
1231 3495 1396 3556 compara-

339 3574 437 3639 tione.
484 3573 585 3638 Stetit
613 3572 823 3636 nihilominus
853 3585 961 3638 tamen
986 3574 1055 3658 ipse
1080 3597 1140 3659 pro
1162 3573 1307 3652 ecclesia,
1338 3574 1395 3636 sed

339 3674 436 3738 solus.
496 3673 752 3737 Adversantibus
781 3675 843 3739 sibi
873 3676 998 3740 cunctis
1035 3699 1109 3740 cum
1148 3699 1244 3740 nemo
1285 3697 1395 3739 secum

338 3785 457 3861 ageret,
484 3775 635 3859 solusque
659 3797 755 3860 agens
779 3799 894 3861 parum
911 3790 969 3842 aut
987 3779 1070 3842 nihil
1084 3779 1267 3863 proficeret,
1283 3777 1395 3840 videns

337 3877 490 3964 periculis
519 3877 663 3963 pericula
691 3879 872 3956 succedere,
914 3880 1013 3964 elegit
1040 3880 1152 3965 potius
1181 3891 1395 3965 spontaneum

337 3981 444 4044 subire
474 3979 622 4056 exilium,
651 4003 747 4064 quam
774 3981 942 4068 dignitatis
967 3981 1192 4046 ecclesiastieae
1222 3981 1393 4066 praesenti·

335 4083 429 4146 aliter
443 4082 551 4146 videre
566 4082 781 4168 dispendium.
828 4083 1037 4148 Transferens
1062 4083 1173 4168 itaque
1196 4083 1337 4167 seipsum
1353 4083 1393 4145 de

336 4185 442 4248 medio
466 4183 661 4268 iniquitatis,
685 4183 882 4248 Francorum
898 4206 1034 4268 regnum
1049 4185 1140 4263 adiit,
1167 4208 1281 4269 pacem
1303 4207 1395 4268 quae·

335 4307 409 4347 rens
431 4285 466 4348 in
487 4285 555 4349 solo
571 4285 687 4363 alieno,
711 4309 808 4369 quam
823 4309 888 4349 non
903 4287 1045 4350 habebat
1059 4287 1093 4349 in
1110 4287 1253 4371 proprio.
1299 4285 1394 4349 Exu-

335 4385 423 4450 labat
452 4409 527 4470 ergo
564 4409 689 4471 pauper
727 4397 760 4451 et
795 4391 916 4471 egenus
945 4411 1052 4452 rerum
1082 4411 1118 4452 ac
1155 4387 1393 4472 possessionum
