3260 5172
527 614 748 666 uounsrnnn
773 615 821 665 nn
846 615 970 666 nunno.
1133 572 1135 575 V
1259 604 1278 666 9

224 765 258 828 in
282 765 333 829 his
359 765 458 830 etiam
482 787 593 828 revera
616 765 746 850 probari
770 774 880 849 potest
908 774 1030 829 tantam
1056 763 1188 828 initians
1214 765 1281 828 suis

224 867 394 951 proposuit
408 866 646 943 sufficientiam,
661 875 700 930 ut
714 865 816 951 ipsius
831 889 961 950 quoque
978 866 1106 931 devotio
1120 867 1281 952 perpetim

226 969 324 1052 digna
338 969 381 1032 sit
394 967 568 1032 memoriae.
1075 977 1076 980 ’

271 1069 435 1134 Praeterea
463 1070 546 1134 sicut
575 1059 792 1148 meminimus,
819 1092 888 1133 sese
910 1079 1018 1134 tamen
1042 1071 1138 1134 rebus
1160 1071 1443 1135 haben-noscerim-

229 1172 328 1251 tibus,
354 1171 423 1255 regi
446 1181 634 1256 suggestum
660 1182 719 1248 est,
747 1171 901 1256 quatinus
926 1195 970 1235 ex
1001 1172 1051 1236 his
1084 1196 1198 1250 unum,
1223 1172 1281 1257 qui
1293 1141 1443 1244 illidit&

229 1273 320 1337 asciti
345 1273 485 1352 fuerant,
507 1273 671 1360 fratribus,
696 1273 749 1337 cui
772 1273 883 1338 caeteri
897 1273 1114 1353 intenderent,
1132 1275 1293 1338 abbatem·

229 1375 310 1438 inibi
337 1375 527 1459 praeficeret.
583 1375 718 1438 Electus
746 1375 848 1459 igitur
876 1375 923 1441 acl
944 1375 1006 1440 hoc
1029 1378 1283 1460 praenominatus

231 1475 411 1540 Rotbertus
441 1476 599 1540 Blancard
631 1475 807 1561 perniciter
845 1476 1012 1540 ecclesiam
1044 1500 1145 1558 suam,
1172 1479 1283 1564 Majus

233 1578 382 1643 videlicet
397 1577 647 1656 Monasterium,
664 1578 834 1643 devotione
850 1579 966 1642 duetus
981 1577 1073 1657 adiit,
1096 1589 1195 1664 atque
1211 1603 1284 1643 cum

231 1681 375 1744 omnium
390 1679 666 1764 congratulatione
680 1679 875 1763 regrediens,
891 1702 965 1743 cum
976 1681 1045 1765 jam
1059 1682 1170 1745 oceani
1184 1705 1285 1768 prope

231 1783 444 1868 persulcasset
477 1804 619 1865 aequora,
657 1779 812 1864 Angliam
847 1781 1036 1860 intraturus
1075 1783 1184 1848 divino
1221 1807 1286 1868 quo

232 1883 398 1966 ignoratur
412 1884 579 1948 commotis
593 1883 746 1948 fluctibus
756 1884 892 1968 judicio,
908 1885 1001 1949 saevis
1020 1886 1191 1971 absorptus
1212 1911 1288 1971 gur-

224 1978 369 2069 gitibus,
383 1985 526 2068 regimen
540 1985 753 2069 propositum,
777 2009 795 2047 e
809 1986 931 2050 mundo
946 1987 1103 2065 sublatus,
1126 1989 1168 2050 ad
1188 1989 1288 2052 alium

235 2080 345 2149 divina
359 2085 569 2171 dispositione
589 2085 854 2170 praedestinatum
874 2086 1060 2151 transmisit.
1105 2087 1182 2155 Quo
1204 2111 1290 2152 com.

195 2216 205 2224 ·
235 2197 339 2272 perto,
366 2173 400 2250 et
425 2187 555 2251 tandem
581 2187 678 2271 regiis
707 2186 839 2249 auribus
872 2187 1031 2271 exposito,
1056 2191 1291 2254 communicato

165 2334 169 2346 ·
235 2291 350 2354 itidem
379 2288 523 2366 consili0,
553 2288 641 2352 misit
666 2287 842 2373 praedictus
871 2288 1058 2353 Willelmus
1094 2290 1199 2355 Faber
1232 2291 1301 2377 qui'

133 2471 134 2476 η
237 2392 337 2456 totius
360 2391 424 2455 loci
446 2413 554 2454 curam
579 2390 833 2468 administrabat,
857 2399 891 2453 et
916 2391 1074 2475 aMajori
1090 2391 1291 2459 Monasterio

122 2492 123 2496 ’
236 2495 373 2559 alterum
384 2494 517 2558 fratrem
532 2492 573 2556 ad
583 2493 728 2578 ejusdem
739 2493 879 2556 abbatiae
893 2493 1037 2577 regimen
1051 2495 1291 2581 suscipiendum

237 2597 359 2676 aseivit,
391 2595 612 2658 Gausbertum
633 2595 774 2673 nomine,
804 2594 909 2659 virum
945 2595 1110 2680 religionis
1146 2619 1290 2675 summae,

238 2695 493 2761 mansuetudinis
521 2719 557 2760 ac
585 2696 759 2781 multiplici
788 2683 948 2760 virtutum
981 2697 1171 2782 insignitum
1204 2701 1290 2765 dote.

240 2800 349 2867 Quem
369 2799 408 2863 ad
425 2798 630 2882 designatum
651 2798 861 2862 festinantem
880 2797 988 2862 locum
1003 2810 1144 2884 quatuor
1158 2823 1202 2864 ex
1217 2823 1292 2864 con-

239 2901 401 2965 sodalibus
416 2901 519 2965 secuti
533 2911 610 2964 sunt
623 2900 749 2976 fratres
764 2899 786 2962 J
787 2900 927 2964 ohannes
942 2901 1073 2980 scilicet,
1087 2901 1291 2980 Hamelinus,
1367 2981 1368 2984 Ἴ

240 3003 412 3080 Ainardus,
429 3001 627 3079 Leffelmus,¹
649 3001 706 3086 qui
722 3001 818 3064 simul
832 3024 906 3066 cum
920 3025 959 3066 eo
972 3025 1124 3089 prospere
1139 3003 1293 3089 Angliam

239 3104 367 3190 appulsi
382 3105 422 3168 ad
437 3104 634 3178 destinatum
648 3103 887 3183 hilareslocum
901 3116 1126 3189 pervenerunt.

284 3205 373 3268 Hine
401 3215 511 3268 autem
543 3205 656 3267 eodem
679 3205 856 3268 venerabili
877 3205 946 3268 viro
969 3205 1164 3285 Gausberto,
1195 3208 1421 3292 regiaerssms.

175 3343 178 3348 ,
240 3318 326 3370 nutu
352 3306 541 3391 majestatie,
557 3305 641 3369 circa
661 3305 711 3368 M.
728 3305 832 3370 lxxvi.
857 3305 1039 3369 Dominicae
1067 3307 1295 3374 incarnationis
1306 3276 1425 3367 duffii„

241 3431 372 3486 annum,
394 3407 429 3469 in
452 3406 592 3470 abbatiae
615 3405 759 3488 regimen
781 3405 921 3469 feliciter
945 3417 1104 3490 promoto,
1129 3418 1163 3470 et
1191 3431 1297 3474 eoram

242 3511 342 3575 altare
372 3509 475 3573 sancti
501 3507 638 3571 Martini
664 3508 703 3570 de
733 3506 826 3571 Bello
854 3507 1037 3586 benedicto,
1068 3519 1101 3573 et
1129 3509 1164 3572 in
1189 3511 1297 3574 sedem

142 3610 146 3622 '
243 3635 333 3676 suam
355 3611 470 3688 locato,
487 3609 590 3694 eoepit
612 3610 672 3673 sub
695 3631 734 3671 eo
749 3618 783 3671 et
806 3608 949 3673 ecclesiae
963 3609 1096 3690 fabrica,
1111 3621 1146 3674 et
1159 3611 1297 3676 fratrum

243 3713 399 3798 paulatim
412 3733 577 3790 numerus,
592 3711 757 3796 proficere.

287 3816 365 3880 Rex
386 3815 488 3898 igitur
512 3797 702 3898 magnificus
725 3812 868 3877 inchoati
894 3815 1000 3900 operis
1024 3839 1090 3880 non
1115 3817 1297 3892 indevotus,

151 4003 152 4006 Ἴ
244 3918 285 3980 ad
309 3917 451 3980 victoriae
478 3936 546 3979 suae
572 3916 826 4001 perpetuandam
851 3919 1037 3981 memoriam
1061 3919 1169 4002 ipsum
1191 3917 1299 3982 locum

246 4017 374 4082 Bellum
404 4020 591 4082 memoriter
625 4040 684 4103 per
721 4017 925 4081 succedentia
960 4029 1107 4103 tempora
1141 4017 1300 4082 nominari

246 4121 380 4184 censuit.
438 4120 501 4185 Cui
522 4119 690 4209 inprimis
716 4119 844 4202 leugam
869 4119 1148 4204 circumjacentem
1169 4119 1301 4204 penitus

246 4231 286 4293 ab
302 4231 389 4294 omni
404 4231 573 4295 exactione
588 4229 640 4292 vel
654 4228 854 4314 subjectione
871 4227 1104 4312 episcoporum,
1120 4238 1154 4292 et
1168 4229 1302 4293 aliarum
1366 4307 1370 4312 ¹
1409 4304 1411 4308 ¹

283 4387 466 4442 ¹Leffelmus:
492 4405 541 4440 one
563 4387 592 4438 of
612 4386 656 4439 the
678 4350 749 4438 same
803 4385 941 4438 formation
953 4385 983 4455 οἱ
1000 4385 1044 4439 the
1061 4345 1167 4458 Suriey.
1206 4387 1265 4440 Sus.
1284 4386 1302 4438 f.

198 4470 201 4476 ’
248 4475 323 4510 name
334 4457 396 4512 held
413 4457 488 4511 lands
506 4457 534 4510 in
549 4457 646 4510 Sussex
665 4465 691 4509 at
705 4455 750 4508 the
803 4454 884 4521 aab.
1334 4469 1340 4476 ·
