3240 5154
331 529 396 601 170
622 545 792 598 nrsroars
813 539 1061 595 mustuosis

328 719 429 780 quere
452 697 584 782 penitus
609 707 679 760 erat
703 695 872 782 proposito
900 716 961 758 suo
989 689 1207 767 contrarium
1229 699 1265 752 et
1292 710 1387 752 recu-

164 827 291 869 samus
328 800 439 878 sando,
463 799 530 864 Dei
558 801 714 864 offensam
742 800 906 864 incrnrere
933 807 1003 862 erat
1026 794 1255 881 periculosum.
1300 792 1389 856 Pan-

163 885 268 920 Μ
329 923 440 966 corum
461 925 539 988 ergo
561 903 688 967 dierum
716 903 829 968 habita
857 899 1102 978 deliberatione,
1131 917 1388 981 magnorumque

329 1027 365 1068 ac
379 1005 579 1090 prudentum
599 1006 743 1070 virorum
756 1026 836 1070 usus
849 1003 995 1081 consilio,
1010 1001 1088 1066 licet
1101 1023 1169 1066 non
1181 1009 1297 1086 sponte
1311 1021 1390 1062 con·

331 1109 443 1187 sensit,
473 1109 683 1194 suscepitque
712 1107 881 1172 ecclesiam
908 1106 1116 1191 saepedictam
1143 1103 1185 1168 ab
1211 1103 1328 1167 abbate
1352 1111 1390 1164 et

330 1221 491 1274 conventu
512 1211 548 1274 in
568 1211 714 1297 capitulo
736 1209 834 1289 Belli,
857 1231 901 1273 ex
919 1210 994 1294 jure
1020 1217 1221 1294 panonatus,
1246 1204 1389 1270 Johanni

331 1323 410 1376 tunc
439 1312 635 1378 cicestrensi
663 1312 827 1398 episcopo,
854 1311 912 1396 qui
936 1313 1006 1397 jam
1028 1319 1225 1374 successerat
1251 1307 1391 1393 Hylario

330 1425 406 1500 post
426 1415 591 1480 modicum
613 1426 839 1501 praesentatus.
885 1414 919 1478 A
937 1436 1004 1498 quo
1017 1423 1226 1498 personatum
1245 1410 1391 1474 ecclesiae

332 1539 507 1602 curamque
521 1518 701 1582 animarum
716 1518 904 1603 suscipiens,
919 1516 1071 1602 proximo
1082 1514 1294 1580 ordinationis
1308 1524 1391 1576 tem-

332 1643 411 1705 pore
425 1621 468 1685 ad
484 1621 656 1685 sacerdotii
675 1621 811 1706 gradum
830 1631 882 1684 est
900 1631 1080 1706 promotus.
1124 1615 1327 1682 Ministravit
1345 1637 1391 1678 ex

334 1735 414 1787 tunc
436 1723 472 1786 in
494 1723 663 1787 commissa
691 1723 755 1788 sibi
784 1723 929 1801 ecclesia,
951 1723 1051 1787 verbo
1079 1731 1114 1785 et
1142 1719 1303 1804 exemplo,
1333 1741 1394 1802 po-

333 1825 449 1910 pulum
470 1824 534 1888 sibi
548 1825 706 1890 creditum
721 1826 895 1910 diligenter
913 1825 1087 1904 instruens,
1101 1824 1274 1906 factisque
1288 1820 1393 1884 forma

333 1925 452 2012 gregis,
473 1927 519 1991 sic
537 1950 648 1991 omnes
671 1928 713 1992 ad
737 1928 896 1992 vinutum
921 1938 1111 2013 provectum
1132 1927 1306 1990 informare
1323 1933 1393 1986 stu-

335 2029 419 2108 duit,
438 2039 477 2093 ut
496 2029 623 2114 liquido
643 2029 747 2116 possit
769 2029 904 2107 adverti,
921 2029 1123 2094 vocationem
1147 2027 1250 2114 ipsius
1272 2049 1292 2089 a
1317 2025 1393 2088 Deo

335 2131 447 2210 fuisse,
471 2132 622 2215 quicum
647 2130 791 2197 ecclesiae
813 2151 882 2196 suae
904 2131 1100 2218 praeviderat
1119 2128 1335 2193 necessarium
1357 2135 1394 2190 et

336 2233 452 2298 utilem
465 2236 546 2299 fore.

172 2349 301 2394 necata
382 2319 475 2384 Tunc
503 2317 657 2405 temporis
685 2319 804 2383 accidit
829 2320 992 2404 quendam
1016 2320 1212 2405 Hugonem¹
1237 2316 1395 2381 Romanae

172 2399 307 2491 ’Ἥ
340 2420 484 2484 ecclesiae
516 2421 687 2486 diaconum
722 2422 917 2486 cardinalem
956 2445 976 2488 a
1007 2422 1108 2488 latere
1141 2421 1265 2485 domini
1299 2438 1395 2504 papae

173 2501 322 2610 addi&
341 2521 524 2587 Alexandri
559 2521 704 2601 missum,
742 2523 913 2608 legationis
943 2524 1047 2609 gratia
1079 2523 1188 2588 venire
1213 2523 1249 2587 in
1278 2521 1397 2606 Angli-

174 2601 292 2742 }ffiid
340 2646 403 2703 am,
433 2625 492 2710 qui
520 2625 702 2690 convocatis
730 2626 990 2712 archiepiscopis,
1011 2625 1182 2714 episcopis,
1211 2625 1397 2700 abbatibus,

175 2751 322 2844 &effisos
341 2739 375 2792 et
400 2729 503 2794 totius
535 2728 628 2813 regni
657 2728 754 2806 clero,
782 2729 955 2794 concilium
989 2729 1138 2812 generale
1169 2729 1258 2814 apud
1285 2727 1398 2790 West-

177 2814 303 2912 sosimas
340 2831 573 2896 monasterium
594 2831 778 2910 concitavit,
801 2842 874 2896 tum
896 2832 937 2896 de
958 2832 1099 2917 negotiis
1115 2855 1176 2917 pro
1198 2832 1319 2916 quibus
1341 2853 1397 2894 ve-

179 2905 236 2943 m
340 2945 433 2998 uerat
454 2944 660 3012 tractaturus,
690 2945 762 2998 tum
793 2935 833 2998 de
855 2945 943 2999 statu
968 2933 1161 3019 Anglicanae
1183 2934 1338 3011 ecclesiae,
1361 2944 1398 2996 et

341 3034 445 3100 causis
467 3035 691 3100 ecclesiasticis
708 3047 914 3121 cognaturus.
959 3037 1090 3102 Abbate
1108 3039 1148 3102 de
1170 3037 1277 3114 Bello,
1301 3059 1398 3122 gene-

340 3136 401 3202 rali
430 3137 538 3202 edicto
566 3137 652 3203 inter
681 3148 817 3204 caeteros
845 3140 887 3204 ad
914 3139 1088 3206 concilium
1116 3151 1241 3219 vocato,
1270 3138 1401 3224 scripsit

342 3239 373 3304 ei
395 3239 571 3324 praedictus
592 3241 718 3326 legatus
739 3243 933 3307 auctoritate
961 3243 1148 3328 apostolica,
1174 3243 1313 3328 speciale
1335 3240 1401 3306 sibi

342 3342 483 3427 dirigens
503 3344 702 3423 mandatum,
722 3356 761 3409 ut
777 3345 865 3410 omni
881 3346 1092 3410 excusatione
1112 3357 1236 3410 remota
1260 3346 1296 3408 in
1315 3364 1401 3430 prae-

342 3445 446 3511 sentia
466 3468 525 3510 sua
545 3459 725 3531 appareret,
742 3448 923 3512 Godefrido
939 3449 979 3512 de
994 3447 1079 3513 Luci
1099 3471 1196 3535 super
1210 3447 1345 3512 ecclesia
1358 3448 1399 3511 de

343 3547 402 3610 Wi
424 3570 648 3632 responsurus,
669 3560 704 3613 et
722 3551 791 3634 juri
810 3551 986 3635 pariturus.
1031 3551 1145 3616 Abbas
1167 3553 1316 3636 suscepto
1338 3550 1401 3614 hoc

343 3653 504 3729 mandato,
528 3653 705 3736 plurimum
724 3655 874 3720 turbatus
895 3668 944 3721 est
965 3657 1083 3736 animo,
1107 3657 1210 3722 sciens
1233 3657 1401 3721 dominum

343 3776 451 3838 regem
475 3755 666 3840 praedictam
688 3755 855 3822 ecclesiam
872 3759 981 3822 deWi
997 3760 1134 3845 praefato
1156 3759 1338 3824 Godefrido
1359 3758 1401 3821 de

344 3855 437 3936 Luci,
461 3868 593 3922 vacante
611 3857 746 3924 ecclesia
764 3860 804 3924 de
825 3860 931 3941 Bello,
955 3863 1078 3948 absque
1098 3863 1186 3927 omui
1207 3863 1402 3948 exceptione

343 3959 468 4026 dedisse
484 3971 518 4025 et
532 3961 745 4041 continuasse,
759 3962 867 4047 ipsum
882 3987 1014 4050 quoque
1030 3964 1247 4029 Godefridum
1261 3965 1304 4028 ad
1316 3987 1403 4048 prae-

345 4064 558 4130 cantationem
586 4064 708 4130 domini
721 4066 806 4149 regis
835 4089 855 4130 a
883 4066 1024 4131 Ricardo
1051 4067 1276 4132 Cantuariensi
1299 4067 1405 4130 electo

383 4231 389 4261 ¹
403 4230 543 4304 Generally
555 4230 638 4286 called
650 4233 734 4286 incur
746 4232 846 4286 chroni·
899 4235 969 4299 47s;
988 4235 1113 4306 Dialogus
1125 4234 1157 4288 dc
1170 4235 1248 4302 Vita3
1265 4235 1402 4299 Hovedcn,

346 4300 599 4371 clesHugutioorH
666 4303 846 4357 uuSceWill.
900 4305 1104 4374 f.313‚314,b.
1140 4306 1226 4360 These
1238 4315 1327 4359 events
1338 4305 1403 4377 bap-

346 4369 520 4442 Ncubrigcns.
533 4372 599 4438 iii.l;
638 4373 845 4445 irald.Csmb.p.
899 4375 982 4446 pened
995 4376 1021 4429 in
1036 4377 1112 4430 1176.
