3260 5172
552 520 773 574 nouasrann
798 523 847 573 na
872 512 997 574 annuo.
1256 505 1297 571 35

247 673 346 737 frater
372 673 545 757 Rogerius,
572 683 610 737 ut
629 695 734 737 novus
759 672 887 737 valebat
909 671 1051 750 colonus,
1077 693 1150 735 cum
1173 693 1298 738 summo

247 775 354 838 studio
369 785 404 838 et
424 775 533 838 labore
559 797 578 838 a
600 774 818 838 fundamentis
842 783 1033 850 restaurans,
1059 772 1216 838 associato
1236 775 1299 839 sibi

247 877 387 959 quodam
401 876 465 939 alio
480 895 548 940 suae
562 874 706 939 ecclesiae
720 874 875 938 monacho
889 893 1014 956 magnae
1036 875 1216 958 sagacitatis
1230 878 1299 942 viro

248 976 397 1042 Waltero
406 988 603 1064 nuncupato,
618 976 741 1040 ibidem
766 977 806 1040 ad
827 975 1044 1040 habitandum
1061 977 1198 1041 aedificia
1224 1001 1300 1042 oon-

248 1080 404 1157 struebat,
429 1103 522 1166 prece
546 1079 599 1144 vel
623 1099 756 1143 munere
782 1077 953 1142 nonnullas
981 1077 1113 1141 interim
1141 1101 1161 1141 a
1187 1079 1303 1144 vicinis

246 1190 403 1246 terrarum
417 1183 468 1247 vel
482 1181 677 1247 deeimarum
687 1180 903 1266 possessiones
917 1180 1022 1244 eidem
1036 1180 1107 1244 loco
1116 1181 1300 1264 adquirens,

246 1305 282 1345 ac
311 1306 370 1368 pro
399 1307 491 1369 posse
519 1294 635 1370 utpote
664 1283 700 1346 in
723 1281 891 1348 commisso
913 1282 1029 1358 fidelis,
1053 1281 1116 1346 sibi
1141 1283 1300 1348 creditum

246 1384 404 1449 talentum
418 1384 686 1472 possessiunculae
699 1384 925 1470 multipliciter
945 1383 1182 1447 accumulatum
1205 1387 1301 1448 matri

244 1507 312 1550 suae
326 1488 468 1552 ecelesiae
483 1487 622 1573 impiger
634 1495 798 1572 reportare
813 1493 968 1566 satagens.
1014 1483 1215 1548 Procedente
1226 1507 1302 1550 vero

244 1598 390 1673 tempore
414 1589 569 1653 fratribus
583 1589 625 1652 ad
635 1589 699 1655 loci
714 1585 882 1651 commoda
896 1584 1027 1648 omnino
1042 1584 1299 1666 intendentibus,

244 1690 387 1772 ejusdem
402 1689 583 1753 Bernhardi
596 1711 691 1766 uxor,
703 1687 814 1772 Agnes
828 1686 970 1765 nomine,
986 1686 1072 1750 forte
1086 1686 1299 1753 invalitudine

246 1801 341 1869 tacta,
355 1791 460 1854 eidem
474 1791 546 1854 loco
561 1813 603 1854 ex
617 1790 679 1854 viri
694 1789 744 1854 sui
758 1810 888 1852 assensu
908 1789 947 1852 de
962 1788 1093 1873 propria
1104 1788 1298 1871 hereditate,

245 1891 406 1973 quandam
429 1891 575 1954 villulam
599 1900 695 1954 extra
718 1889 873 1954 Walliam
895 1889 931 1952 iu
949 1889 1076 1973 Anglia.
1093 1891 1197 1969 sitam,
1225 1915 1299 1976 quae

246 1990 441 2054 Berintona¹
466 1999 609 2067 vocatur,
625 1990 760 2052 liberam
787 1988 919 2052 omnino
944 1999 978 2051 et
1002 1989 1146 2072 quietam
1169 1992 1204 2055 in
1226 2017 1300 2078 pos,

245 2091 419 2155 sessionem
445 2101 599 2156 aeternam
623 2089 780 2167 contulit3
811 2088 922 2173 sicque
947 2089 1105 2173 paulatim
1130 2113 1175 2154 ex
1196 2092 1298 2178 ipsius

245 2215 376 2278 quoque
386 2192 565 2256 Bernhardi
580 2191 750 2276 largitione
763 2191 799 2254 in
813 2190 918 2268 terris,
928 2189 1132 2270 molendinis,
1145 2195 1298 2275 ecclesiis,

243 2295 309 2360 sive
335 2295 477 2374 decimis,
504 2295 648 2380 ejusdem
677 2293 821 2358 eeclesiae
846 2292 1101 2378 possessionibus
1127 2297 1241 2377 auctis,
1265 2311 1300 2364 et

244 2398 356 2461 eodem
371 2399 453 2477 loeo,
469 2419 543 2462 cum
557 2397 624 2461 suis
639 2397 800 2476 omnibus,
824 2417 900 2459 cum
917 2395 1029 2480 regiae‘
1041 2398 1242 2464 auctoritatis
1264 2413 1299 2467 et

243 2499 372 2583 praefati
387 2499 544 2563 Bernardi
559 2498 810 2575 confirmatione,
826 2497 934 2582 injus
950 2497 1093 2561 ecclesiae
1109 2498 1196 2565 Belli
1210 2503 1297 2566 dele.

242 2611 329 2685 gato,
344 2602 385 2665 ab
400 2603 515 2666 abbate
536 2610 570 2664 et
589 2608 751 2665 conventu
765 2599 910 2685 ejusdem
925 2597 1068 2662 eeclesiae
1090 2601 1192 2664 saneti
1207 2602 1297 2667 Mar-

243 2702 315 2782 tini,
331 2700 486 2788 praedicto
501 2701 649 2766 Waltero
664 2701 770 2787 priore
780 2700 849 2786 jam
864 2698 1051 2778 constituto,
1068 2702 1233 2766 decretum
1248 2716 1297 2769 est

242 2805 374 2884 ibidem,
391 2829 434 2870 ex
449 2804 593 2890 ejusdem
608 2802 753 2867 ecelesiae
764 2801 939 2880 monachis,
956 2801 1022 2866 Dei
1036 2826 1144 2868 servos
1158 2805 1199 2868 ad
1214 2805 1295 2870 divi-

242 2930 320 2972 num
345 2906 537 2992 regulariter
560 2907 778 2991 peragendum
807 2904 949 2968 officium
983 2905 1139 2978 adunatos
1168 2907 1295 2992 degere,

242 3019 340 3094 atque
369 3032 428 3094 pro
457 3007 678 3091 recognitione
707 3005 929 3092 subjectionis,
954 3029 1157 3091 perannum
1181 3031 1296 3076 census

241 3107 377 3195 partem,
391 3109 508 3193 viginti
521 3109 644 3172 scilieet
660 3109 778 3172 solidos
793 3107 937 3171 ecelesiae
948 3109 988 3171 de
997 3107 1092 3172 Bello
1102 3111 1294 3193 persolvere.

285 3210 448 3274 Caeterurn
468 3219 507 3272 ut
526 3210 567 3272 ad
586 3209 788 3293 propositum
807 3229 980 3286 recurram,
995 3208 1207 3293 illis-quoque
1228 3211 1296 3274 die-

240 3313 302 3377 bus
324 3310 456 3396 quidam
481 3310 837 3395 praepotensbaronum
859 3308 954 3392 regis,
970 3309 1157 3373 Willelmus
1176 3318 1295 3395 cogno·

241 3423 350 3477 mento
366 3413 406 3476 de
422 3411 580 3489 Braiosa,²
601 3411 688 3496 apud
706 3409 879 3474 Sudsexioe
893 3410 1082 3474 comitatum
1096 3411 1131 3474 in
1153 3433 1232 3498 rapo
1254 3413 1294 3477 de

242 3515 418 3591 Brembrae,
434 3513 497 3600 ipsi
512 3513 656 3578 eeclesiae
665 3513 705 3576 de
716 3511 822 3590 Bello,
838 3512 873 3576 in
888 3513 1001 3576 eodem
1015 3513 1119 3596 burgo
1131 3513 1170 3576 de
1180 3513 1294 3579 Brem-

239 3619 306 3682 brae
322 3627 395 3681 octo
404 3638 579 3693 mansuras,
592 3626 625 3678 et
646 3625 712 3679 tres
727 3613 805 3678 alias
820 3613 855 3678 in
871 3613 1007 3678 Sorham
1021 3613 1139 3678 liberas
1155 3615 1247 3680 dedit
1261 3627 1296 3680 et

240 3719 406 3797 concessit,
418 3719 554 3802 quietas,
564 3718 603 3781 de
616 3715 759 3781 dominio
774 3738 844 3794 suo,
855 3726 890 3779 et
903 3739 1000 3801 super
1014 3716 1085 3780 haee
1099 3739 1197 3781 unam
1212 3741 1293 3802 quo-

241 3843 304 3904 que
318 3821 427 3884 hidam
441 3830 536 3882 terrae
551 3819 586 3882 in
598 3817 743 3896 Sorham,
759 3817 1000 3902 inperpetuum
1015 3819 1136 3902 absque
1151 3819 1294 3904 calump-

239 3923 295 3985 nia
318 3920 553 4006 possidendam,
579 3919 712 4003 insuper
739 3911 775 3980 et
799 3918 967 3982 annuatim
994 3928 1126 3982 centum
1150 3920 1294 3982 ambras³

278 4085 417 4154 ¹Beryngt
418 4100 450 4136 on
469 4083 496 4135 in
510 4082 712 4164 Herefordsln're,
726 4099 741 4134 a
826 4082 880 4134 ³A
904 4099 1021 4134 measure
1047 4082 1078 4134 of
1106 4083 1163 4136 four
1186 4083 1292 4138 bushels

240 4171 334 4276 ggalrrge
353 4091 427 4206 rated
433 4153 535 4276 1131le
541 4155 625 4206 asara
627 4151 679 4206 ,in
696 4121 740 4203 tire
793 4149 907 4272 (mpdii).
934 4152 983 4272 Spe
1003 4151 1048 4204 the
1065 4152 1189 4274 “fimi
1207 4161 1233 4206 to
1246 4154 1291 4208 the

266 4223 361 4346 aolrldf
369 4222 535 4363 pibeslslessed
530 4291 609 4362 forty-
599 4307 659 4343 -one
685 4305 740 4342 ma-
793 4220 939 4359 drrgldddn’t’
947 4237 1083 4361 pdbsshll
1091 4225 1294 4364 bylliteltldteeebid

238 4363 518 4432 norsinthiseounty
794 4359 983 4427 Commission3
1001 4361 1291 4433 andSirHenryEllis,

1141 4452 1188 4500 n2
