3240 5154
522 599 746 652 nonnsrnnn
771 599 969 652 nasucio,
1200 585 1264 648 1141

213 753 302 830 sisse,
328 761 386 834 aut
411 771 487 813 eum
517 749 630 833 quovis
654 749 718 812 alio
738 750 833 812 modo
857 749 956 812 tacita
976 748 1112 812 veritate
1133 748 1269 812 circum-

213 854 350 917 venisse.
397 851 555 916 Anuuens
579 873 719 933 namque
743 873 803 914 rex
826 851 1015 936 postulanti,
1043 861 1144 914 totam
1168 851 1269 914 eccle-

214 957 293 1020 siam
309 957 348 1019 de
363 955 422 1018 Wi
437 977 503 1017 non
518 954 622 1017 solum
647 953 709 1016 sibi
729 953 895 1030 concessit,
919 953 1130 1017 verumetiam
1156 955 1270 1016 confir·

214 1057 324 1134 mavit,
347 1078 472 1119 necnon
495 1056 564 1119 viro
590 1053 767 1118 venerabili
786 1054 928 1118 Ricardo
952 1064 1029 1118 tunc
1046 1055 1271 1118 Cautuariensi

216 1160 318 1222 electo
345 1170 383 1222 ut
406 1181 465 1244 per
492 1180 566 1220 eum
590 1157 815 1220 institueretur
828 1157 953 1221 litteras
976 1157 1122 1222 direxit.1
1176 1157 1271 1221 Idem

216 1285 290 1325 vero
317 1261 438 1324 electus
461 1259 539 1323 licet
563 1259 695 1322 minoris
710 1259 813 1322 adhuc
830 1268 914 1321 esset
930 1259 1096 1342 diguitatis
1112 1282 1148 1322 ac
1161 1269 1274 1344 potes-

214 1363 300 1440 tatis,
328 1361 485 1425 electione
509 1383 567 1424 sua
590 1361 737 1424 nondum
762 1383 821 1444 per
836 1361 1005 1423 dominum
1019 1383 1136 1445 papam
1154 1363 1271 1424 confir-

213 1473 308 1541 mata,
333 1463 491 1547 quantula
510 1473 619 1526 tamen
644 1462 754 1546 potuit
774 1462 869 1524 illum
896 1463 1087 1526 auctoritate
1114 1463 1268 1540 instituit,

213 1565 302 1650 quali
317 1565 414 1628 etiarn
432 1574 521 1627 carta
535 1563 646 1649 potuit
660 1563 901 1626 institutionem
917 1564 1128 1628 confirmavit.
1174 1563 1273 1628 Post-

215 1669 346 1730 modum
370 1689 444 1729 cum
470 1665 579 1728 sedem
602 1665 810 1748 apostolicam
834 1665 1005 1728 sacrandus
1025 1665 1154 1744 adisset,
1171 1689 1273 1751 expe-

217 1769 293 1833 ditis
309 1768 459 1832 omnibus
481 1790 541 1852 pro
564 1767 683 1850 quibus
706 1765 799 1845 ierat,
824 1768 931 1830 denuo
953 1767 988 1830 in
1004 1766 1157 1852 Angliam
1171 1769 1275 1831 redis-

217 1883 276 1949 set,
301 1871 404 1954 eidem
427 1869 608 1933 Godefrido
634 1869 724 1932 adse
743 1868 889 1957 venienti
909 1871 977 1954 jam
1000 1871 1271 1956 archiepiscopus,
1355 1858 1366 1881 ¹

213 1975 282 2058 jam
308 1972 410 2036 totius
425 1969 557 2054 Angliae
580 1970 711 2055 primas,
730 1970 799 2054 jam
823 1970 1008 2055 apostolicae
1029 1972 1113 2034 sedis
1132 1971 1271 2055 legatuS,

218 2074 326 2139 omnia
340 2083 379 2137 ut
392 2073 516 2158 pridem
532 2071 697 2150 concessit,
714 2082 747 2135 et
762 2071 938 2157 episcopali
952 2073 1144 2138 auctoritate
1159 2075 1273 2138 confir-

218 2177 327 2240 mavit.
388 2173 521 2237 Dicitur
549 2184 657 2237 tamen
687 2175 761 2237 eum
792 2173 1053 2238 conditionaliter
1082 2175 1272 2262 instituisse,

218 2279 304 2344 salvo
335 2276 459 2340 scilicet
485 2275 629 2339 omnium
651 2277 820 2340 hominum
843 2277 935 2361 jure,
974 2277 1056 2342 Erat
1076 2277 1188 2361 itaque
1204 2287 1277 2366 toto-

217 2391 361 2465 tempore
377 2401 443 2464 quo
457 2378 592 2442 vacabat
607 2378 741 2442 ecclesia
755 2379 841 2442 inter
856 2379 972 2442 fratres
993 2390 1026 2442 et
1041 2380 1149 2465 ipsum
1165 2381 1275 2445 Gode-

217 2484 338 2548 fridum
365 2481 506 2565 plurima
535 2481 701 2557 dissensi0,
736 2481 814 2543 dum
842 2480 911 2565 ipse
939 2481 1142 2546 Godefridus
1172 2493 1274 2548 totam

217 2584 384 2648 ecclesiam
408 2582 470 2646 sibi
493 2583 654 2645 niteretur
676 2581 711 2644 in
731 2583 966 2666 possessionem
982 2584 1138 2668 redigere,
1160 2585 1278 2650 fratres

219 2685 320 2749 solam
344 2683 447 2769 ipsius
469 2683 676 2747 medietatem
700 2683 730 2745 ei
745 2705 811 2746 non
836 2705 1016 2748 concessam
1039 2685 1101 2748 sibi
1118 2685 1198 2771 ipsis
1224 2710 1280 2750 co·

220 2795 375 2850 narentur
389 2783 555 2851 retinere.2
618 2791 621 2794 ’

264 2889 388 2952 Multas
409 2909 468 2972 per
490 2886 644 2970 Angliam
666 2886 826 2966 ecclesias,
848 2887 1016 2972 multaque
1039 2890 1099 2952 sub
1121 2889 1182 2953 hoo
1198 2899 1279 2954 tern-

219 3015 297 3076 pore
328 2989 465 3073 contigit
491 3013 602 3053 vacare
625 2990 829 3055 monasteria.
865 2991 1019 3073 xVacandi
1045 3015 1173 3056 causam
1201 2993 1279 3060 licet

219 3091 458 3177 aliquantulum
479 3092 628 3155 videatur
648 3093 749 3170 abre,
771 3093 941 3177 indignum
964 3104 1071 3158 tamen
1092 3097 1278 3181 putavimus

219 3195 349 3280 penitus
365 3192 489 3256 silendo
503 3193 764 3277 praetermittere.

263 3294 426 3381 Apposito
449 3294 489 3356 ad
512 3302 620 3378 patres
643 3315 717 3356 suos
738 3293 773 3354 in
802 3304 968 3358 senectute
984 3295 1070 3358 bona
1085 3295 1275 3360 Theobaldo
1291 3318 1423 3358 suanus

220 3395 444 3462 Cantuariensi
456 3395 722 3479 archiepiscopo,³
734 3395 886 3459 successit
901 3397 931 3459 ei
943 3419 1061 3460 nornen
1070 3398 1277 3482 officiumque
1290 3368 1415 3478 illabili·

218 3499 394 3586 suscipiens
419 3497 652 3582 archiepiscopi
683 3496 823 3560 Th0mas
852 3497 1093 3562 Cantuariensis
1119 3501 1276 3564 archidia-
1291 3467 1441 3608 {hgidibbic

219 3607 344 3679 conus,2
366 3599 490 3663 domini
511 3598 595 3682 regis
619 3598 836 3676 cancellarius,
868 3598 968 3684 'quern
1003 3599 1150 3687 superior
1172 3603 1275 3666 edidit
1290 3580 1405 3676 Thoas

219 3703 361 3767 narratio
385 3725 459 3765 cum
484 3701 579 3764 bonae
608 3700 772 3764 memoriae
797 3702 915 3766 abbate
938 3703 1099 3768 Walterio
1124 3706 1274 3769 adversus
1290 3687 1380 3726 Eme*

224 3797 658 3889 Cicestrensemepiscopum
671 3802 846 3887 Hylarium
865 3805 1006 3869 viriliter
1020 3807 1158 3884 stetisse,
1175 3829 1274 3892 seque

221 3930 280 3991 pro
304 3905 489 3970 defensione
514 3905 673 3968 libertatis
698 3889 842 3970 ecclesiab
858 3908 959 3970 sancti
975 3907 1112 3971 Martini
1127 3909 1166 3971 de
1182 3908 1276 3971 Bello

220 4009 409 4072 advocatum
436 4006 634 4091 exhibuisse.
681 4007 783 4094 Cujus
805 4008 992 4072 meritorum
1016 4009 1170 4073 memoria
1185 4019 1275 4072 tanto

257 4155 398 4209 ¹Richard
417 4154 550 4224 (formerly
564 4155 649 4276 prior)
668 4173 726 4208 suc·
773 4157 872 4228 Bishop
903 4157 932 4238 of
959 4157 1134 4240 Winchester,
1151 4157 1216 4239 ‘and
1247 4157 1274 4210 in

222 4226 319 4280 ceeded
335 4235 363 4277 to
380 4225 424 4277 the
447 4225 495 4278 See
516 4224 546 4276 of
587 4225 726 4296 anterbury
775 4228 843 4281 1197
866 4227 945 4280 Chref
959 4227 1068 4293 Jusnec,
1088 4243 1115 4280 as
1131 4227 1173 4280 lus
1190 4227 1275 4280 father

222 4297 250 4350 in
265 4297 342 4350 1173.
510 4321 513 4328 ·
772 4295 823 4348 bad
842 4297 914 4350 been.
952 4298 1000 4350 See
1013 4297 1151 4367 Wharton,
1169 4299 1202 4352 A.
1217 4299 1243 4351 S.
1257 4299 1274 4352 i.

259 4365 269 4396 ²
287 4365 352 4418 This
371 4363 487 4433 Godfrey
500 4362 573 4432 Lucy
586 4380 637 4414 was
653 4381 723 4434 apo-
772 4369 834 4419 302.

223 4445 278 4488 tent
301 4451 403 4506 person.
455 4433 487 4492 In
519 4437 587 4486 1189
616 4432 649 4486 he
673 4451 725 4488 was
807 4436 988 4490 31.».1160.
