3278 5162
349 537 391 600 88
655 543 824 602 nr'sroam
848 541 1101 604 runnnrrours‘

349 723 390 786 de
419 721 568 800 Ermaia,
595 720 778 804 Reginaldo
805 712 844 784 de
870 719 1046 798 warenna,
1075 718 1217 783 Ricardo
1243 712 1282 782 de
1311 717 1404 794 Luci,

350 819 486 887 Warino
500 819 733 900 filio'Geroldi
746 823 881 907 aliisque
895 822 1069 901 nonnullis,
1082 821 1260 906 populique
1275 821 1408 906 insuper

349 925 560 990 multitudine
575 949 640 990 non
655 925 790 990 modica.
821 922 947 988 Assunt
960 923 1058 986 etiam
1070 933 1104 986 et
1116 923 1286 1007 episeopus
1299 921 1406 985 Cices·

350 1024 467 1092 trensis
497 1027 655 1107 Hilarius,
682 1029 847 1111 abbasque
874 1025 1032 1090 Bellensis
1058 1023 1235 1088 Walterus
1288 1021 1407 1088 Venti·
1444 1075 1447 1078 ,

350 1130 417 1193 lato
437 1127 539 1214 igitur
558 1131 688 1215 negotio
707 1129 829 1192 ibidem
846 1128 934 1212 quod
948 1127 1033 1190 inter
1047 1127 1262 1190 venerabilem
1278 1122 1406 1190 Theod-

351 1229 484 1294 baldum
525 1231 789 1296 Cantuariensem
817 1227 1092 1314 archiepiscopum
1131 1239 1165 1293 et
1200 1227 1404 1292 Silvestrum¹

352 1332 500 1416 ecclesiaev
519 1333 621 1397 sancti
648 1331 828 1416 Augustini
855 1349 930 1416 quae
953 1331 1015 1394 sita
1029 1341 1079 1393 est
1094 1340 1189 1394 extra
1202 1352 1310 1394 muros
1330 1329 1408 1393 civi·

352 1437 428 1500 tatis
445 1434 628 1499 Cantuariae
643 1435 793 1498 abbatem
808 1443 887 1512 erat,
913 1434 952 1498 de
970 1433 1169 1518 professione
1185 1433 1308 1496 scilicet
1322 1435 1408 1518 ejus-

353 1539 427 1602 dem
447 1537 572 1602 abbatis
593 1537 736 1601 ecclesiae
759 1535 880 1600 Christi
894 1534 1078 1598 Cantuariae
1092 1535 1249 1613 facienda,
1270 1535 1409 1599 reticen-

352 1641 440 1705 tibus
450 1638 778 1716 omnibnsRicardus
794 1638 833 1701 de
846 1637 929 1701 Luci
942 1659 1076 1721 surgens
1092 1648 1125 1701 et
1137 1637 1172 1700 in
1187 1637 1294 1700 medio
1308 1647 1407 1716 stans,

352 1743 502 1807 omnibus
524 1743 652 1806 intenta
672 1763 749 1805 aure
771 1739 989 1818 audientibus,
1012 1763 1121 1824 regem
1140 1740 1190 1807 his
1205 1741 1310 1804 verbis
1330 1741 1409 1805 allo-

375 1846 475 1910 uitur.

191 1927 318 2038 iiiiiidie
352 1869 373 1931 q
395 1947 461 2012 “A
475 1948 645 2033 magnifica
659 1949 862 2014 excellentiae
877 1957 992 2010 vestrae
1007 1944 1119 2031 gloria,
1132 1946 1263 2010 domiue
1275 1946 1321 2011 mi
1334 1970 1406 2024 rex,
1420 1963 1424 1972 “

190 2032 249 2070 auu.
351 2051 466 2114 virtuti
486 2053 579 2137 cujus
593 2052 726 2116 fortuna
740 2037 912 2137 conjuncta
935 2059 995 2128 est,
1019 2049 1194 2113 venerabili
1214 2048 1307 2113 fratri
1333 2073 1406 2114 meo

354 2147 512 2230 Waltero,
536 2154 653 2218 rectori
678 2153 820 2218 ecclesiae
840 2162 955 2216 vestrae
972 2152 1011 2214 de
1030 2149 1134 2226 Belle,
1161 2151 1202 2213 in¹
1221 2151 1319 2236 hujus
1343 2151 1407 2215 loci

354 2256 552 2334 consistorio,
564 2265 675 2320 contra
689 2255 873 2318 reverendae
888 2252 1089 2317 auctoritatis
1104 2253 1290 2338 episcopum
1302 2253 1409 2318 Cices-

354 2357 427 2421 triae
449 2357 623 2434 Hilarium,
644 2379 703 2442 pro
723 2357 916 2441 dignitatum
941 2366 975 2419 et
996 2354 1184 2419 libertatum
1204 2355 1409 2419 ecclesiarum

355 2481 485 2523 suarum
514 2458 728 2523 controversia
751 2458 895 2522 sedanda
916 2456 973 2520 diu
995 2457 1082 2520 inter
1105 2457 1179 2520 illos
1203 2457 1324 2536 habita,
1350 2458 1408 2521 ho-

355 2561 467 2624 dierna
480 2561 542 2624 lux
556 2560 747 2633 adveniendi
759 2561 934 2624 constituta
949 2569 1008 2623 est.
1053 2558 1074 2622 J
1076 2559 1157 2622 ussis
1170 2559 1281 2643 itaque
1296 2561 1410 2624 vestris

355 2665 591 2750 obtemperans⁹
613 2663 648 2726 in
667 2657 841 2748 praesentia
864 2662 955 2726 adest
973 2671 1089 2740 vestra,
1109 2661 1144 2724 in
1159 2662 1309 2725 omnibus
1323 2662 1410 2727 salvo

354 2766 475 2831 honore
500 2775 617 2843 vestro,
642 2775 676 2828 et
696 2766 772 2850 jure
796 2764 940 2828 ecclesiae
966 2773 1081 2827 vestrae
1108 2763 1170 2826 sibi
1185 2764 1362 2828 commissae
1383 2765 1410 2828 si

355 2869 428 2952 quis
454 2867 559 2930 eidem
582 2867 756 2950 quicquam
772 2865 897 2942 obicere
913 2865 1052 2928 voluerit
1071 2875 1202 2950 paratus
1216 2866 1411 2930 satisfaceret

355 2968 479 3032 Verum
490 2969 546 3031 illa
560 2967 692 3031 ecclesia
706 2977 810 3032 vestra
824 2967 863 3030 de
879 2966 974 3030 Bello
988 2990 1007 3030 a
1021 2967 1221 3031 nobilissimo
1234 2991 1310 3052 rege
1326 2969 1411 3032 Wil-

355 3069 452 3134 lelmo
472 3070 515 3134 'ob
534 3069 707 3134 victoriam
720 3092 740 3132 a
759 3069 832 3132 Deo
851 3069 886 3132 in
906 3070 1020 3132 eodem
1039 3069 1110 3132 loco
1131 3069 1166 3133 in
1185 3070 1324 3134 inimicis
1344 3072 1411 3135 suis

255 3164 259 3168 ’
356 3172 419 3236 sibi
432 3172 610 3258 praestitam
625 3196 644 3236 a
658 3171 878 3236 fundamentis
893 3171 1061 3250 aedificata,
1077 3171 1199 3257 magnis
1214 3183 1264 3236 est
1274 3173 1412 3257 dignita-

357 3277 445 3340 tibus
474 3285 573 3360 atque
602 3275 808 3338 libertatibus
836 3273 1043 3358 praemunita,
1075 3296 1154 3357 quas
1183 3297 1287 3358 usque
1316 3275 1412 3339 hodie

355 3379 547 3442 intemerato
565 3378 640 3463 jure
661 3376 803 3442 tenuisse
824 3377 1061 3461 comprobatur.
1107 3376 1292 3460 Magnificis
1313 3377 1413 3460 igitur

358 3503 377 3544 a
390 3481 481 3545 vobis
496 3479 625 3544 domine
640 3502 701 3542 rex
716 3491 750 3540 et
763 3501 782 3541 a
795 3478 888 3542 nobis
903 3478 1053 3541 omnibus
1069 3477 1265 3542 Normannis
1290 3479 1413 3543 scilieet

358 3583 492 3645 ecclesia
506 3581 563 3644 illa
577 3580 764 3644 extollenda
779 3589 829 3643 est
843 3581 1025 3663 praeconiis,
1050 3581 1127 3664 quia
1146 3581 1267 3645 ibidem
1281 3581 1413 3646 inclitus

358 3705 418 3746 rex
433 3682 487 3744 ille
503 3680 690 3744 Willelmus
706 3689 791 3743 nutu
806 3680 882 3759 Dei,
899 3682 1097 3766 consilioque
1113 3693 1146 3746 et
1158 3684 1285 3748 auxilio
1299 3706 1413 3768 paren-

360 3795 431 3848 tum
451 3792 644 3858 nostrorum,
660 3781 806 3845 inimicos
823 3805 898 3846 suos
911 3806 1047 3867 regnum
1063 3783 1195 3869 Angliae
1211 3795 1244 3848 et
1265 3808 1413 3850 coronam

359 3887 479 3973 injuste
494 3887 535 3949 ab
550 3884 662 3948 eodem
677 3883 804 3948 auferre
826 3896 977 3949 conantes
993 3887 1122 3967 devicit,
1142 3888 1270 3973 sibique
1295 3899 1330 3952 et
1344 3911 1414 3969 suc·

360 3989 538 4055 cessoribus
553 3987 619 4052 suis
633 4009 769 4073 regnum
785 4009 1000 4074 coronamque
1013 3987 1145 4076 Angliae
1161 3991 1350 4077 adquisivit3
1371 4013 1415 4054 ex

395 4205 553 4270 'Silvesten
576 4203 649 4257 Prior
668 4204 697 4258 of
710 4205 736 4258 S.
754 4205 796 4258 Au
833 4223 858 4259 s·
911 4223 988 4259 cause
1004 4206 1031 4258 in
1044 4207 1084 4259 dis
1102 4216 1146 4260 ute
1161 4205 1278 4260 between
1289 4207 1344 4259 him
1362 4207 1413 4258 and

359 4274 445 4342 tine's,
467 4274 635 4345 Canterbury,
666 4275 765 4328 elected
782 4294 797 4328 a
814 4276 859 4328 bot
911 4276 955 4328 the
969 4225 1131 4348 Archbisiop
1144 4277 1166 4331 is
1179 4277 1262 4330 stated
1276 4285 1304 4329 at
1345 4284 1429 4328 cater‘

359 4343 386 4396 in
412 4347 489 4410 1152,
511 4343 560 4396 and
581 4344 640 4396 died
667 4349 742 4399 1161.
787 4346 858 4398 Som-
911 4345 1000 4416 length
1014 4345 1040 4400 in
1055 4347 1253 4418 Thome,1811.
1291 4346 1416 4401 TeAb·

358 4415 427 4468 ner's
452 4413 618 4484 Canterbury,
645 4414 673 4468 ii.
699 4419 757 4470 164.
806 4416 861 4469 The
912 4415 1120 4472 botsuccecded.
