<?xml version="1.0" encoding="UTF-8"?>
<!DOCTYPE html PUBLIC "-//W3C//DTD XHTML 1.0 Transitional//EN"
    "http://www.w3.org/TR/xhtml1/DTD/xhtml1-transitional.dtd">
<html xmlns="http://www.w3.org/1999/xhtml" xml:lang="en" lang="en">
 <head>
  <title>
</title>
<meta http-equiv="Content-Type" content="text/html;charset=utf-8" />
  <meta name='ocr-system' content='tesseract 3.04.00' />
  <meta name='ocr-capabilities' content='ocr_page ocr_carea ocr_par ocr_line ocrx_word'/>
</head>
<body>
  <div class='ocr_page' id='page_1' title='image "./chroniconmonast01abbegoog_0181.png"; bbox 0 0 3240 5154; ppageno 0'>
   <div class='ocr_carea' id='block_1_1' title="bbox 559 586 1304 655">
    <p class='ocr_par' dir='ltr' id='par_1_1' title="bbox 559 586 1304 655">
     <span class='ocr_line' id='line_1_1' title="bbox 559 586 1304 655; baseline -0.001 0"><span class='ocrx_word' id='word_1_1' title='bbox 559 601 784 655; x_wconf 75' lang='lat' dir='ltr'><strong>noursrnmr</strong></span> <span class='ocrx_word' id='word_1_2' title='bbox 810 603 859 653; x_wconf 81' lang='lat' dir='ltr'><strong>on</strong></span> <span class='ocrx_word' id='word_1_3' title='bbox 880 597 1005 653; x_wconf 76' lang='lat' dir='ltr'><strong>antro.</strong></span> <span class='ocrx_word' id='word_1_4' title='bbox 1241 586 1304 654; x_wconf 84' lang='grc'><strong>137</strong></span> 
     </span>
    </p>
   </div>
   <div class='ocr_carea' id='block_1_2' title="bbox 165 753 1305 4194">
    <p class='ocr_par' dir='ltr' id='par_1_2' title="bbox 165 753 1305 2670">
     <span class='ocr_line' id='line_1_2' title="bbox 244 753 1302 840; baseline 0 -22"><span class='ocrx_word' id='word_1_5' title='bbox 244 765 313 819; x_wconf 89' lang='lat' dir='ltr'><strong>erat</strong></span> <span class='ocrx_word' id='word_1_6' title='bbox 327 754 556 840; x_wconf 90' lang='lat' dir='ltr'><strong>poenitentiam</strong></span> <span class='ocrx_word' id='word_1_7' title='bbox 569 757 688 838; x_wconf 77' lang='lat' dir='ltr'><strong>agens¹</strong></span> <span class='ocrx_word' id='word_1_8' title='bbox 724 759 745 789; x_wconf 78' lang='lat'><strong>&#39;“</strong></span> <span class='ocrx_word' id='word_1_9' title='bbox 754 755 831 819; x_wconf 89' lang='lat' dir='ltr'><strong>Non</strong></span> <span class='ocrx_word' id='word_1_10' title='bbox 846 765 896 818; x_wconf 90' lang='lat' dir='ltr'><strong>est</strong></span> <span class='ocrx_word' id='word_1_11' title='bbox 911 756 997 818; x_wconf 92' lang='lat' dir='ltr'><strong>enim</strong></span> <span class='ocrx_word' id='word_1_12' title='bbox 1010 754 1108 818; x_wconf 92' lang='lat' dir='ltr'><strong>homo</strong></span> <span class='ocrx_word' id='word_1_13' title='bbox 1131 753 1189 838; x_wconf 93' lang='lat' dir='ltr'><strong>qui</strong></span> <span class='ocrx_word' id='word_1_14' title='bbox 1204 754 1302 831; x_wconf 88' lang='lat' dir='ltr'><strong>vivat,</strong></span> 
     </span>
     <span class='ocr_line' id='line_1_3' title="bbox 165 856 1304 942; baseline -0.002 -22"><span class='ocrx_word' id='word_1_15' title='bbox 165 874 168 884; x_wconf 74' lang='lat'><em>¹</em></span> <span class='ocrx_word' id='word_1_16' title='bbox 246 869 280 921; x_wconf 91' lang='lat' dir='ltr'><strong>et</strong></span> <span class='ocrx_word' id='word_1_17' title='bbox 295 881 361 920; x_wconf 92' lang='lat' dir='ltr'><strong>non</strong></span> <span class='ocrx_word' id='word_1_18' title='bbox 375 867 498 941; x_wconf 89' lang='lat' dir='ltr'><strong>peccet.</strong></span> <span class='ocrx_word' id='word_1_19' title='bbox 507 857 524 882; x_wconf 91' lang='lat'>”</span> <span class='ocrx_word' id='word_1_20' title='bbox 569 856 776 920; x_wconf 85' lang='lat' dir='ltr'>Sacramenta</span> <span class='ocrx_word' id='word_1_21' title='bbox 797 857 1008 920; x_wconf 88' lang='lat' dir='ltr'><strong>nihilominus</strong></span> <span class='ocrx_word' id='word_1_22' title='bbox 1029 857 1170 942; x_wconf 90' lang='lat' dir='ltr'><strong>corporis</strong></span> <span class='ocrx_word' id='word_1_23' title='bbox 1184 867 1218 919; x_wconf 92' lang='lat' dir='ltr'><strong>et</strong></span> <span class='ocrx_word' id='word_1_24' title='bbox 1232 879 1304 918; x_wconf 89' lang='lat' dir='ltr'><strong>san-</strong></span> 
     </span>
     <span class='ocr_line' id='line_1_4' title="bbox 245 957 1303 1043; baseline -0.002 -21"><span class='ocrx_word' id='word_1_25' title='bbox 245 959 353 1043; x_wconf 88' lang='lat' dir='ltr'><strong>guinis</strong></span> <span class='ocrx_word' id='word_1_26' title='bbox 368 957 503 1021; x_wconf 90' lang='lat' dir='ltr'><strong>Domini</strong></span> <span class='ocrx_word' id='word_1_27' title='bbox 518 957 708 1041; x_wconf 86' lang='lat' dir='ltr'><strong>frequenter</strong></span> <span class='ocrx_word' id='word_1_28' title='bbox 728 958 905 1042; x_wconf 87' lang='lat' dir='ltr'><strong>suscipiens</strong></span> <span class='ocrx_word' id='word_1_29' title='bbox 930 959 1031 1043; x_wconf 85' lang='lat' dir='ltr'><strong>priori</strong></span> <span class='ocrx_word' id='word_1_30' title='bbox 1051 957 1238 1025; x_wconf 82' lang='lat' dir='ltr'><strong>monasterii</strong></span> <span class='ocrx_word' id='word_1_31' title='bbox 1252 959 1303 1021; x_wconf 89' lang='lat' dir='ltr'><strong>sui</strong></span> 
     </span>
     <span class='ocr_line' id='line_1_5' title="bbox 245 1059 1304 1144; baseline 0 -22"><span class='ocrx_word' id='word_1_32' title='bbox 245 1060 336 1126; x_wconf 84' lang='lat' dir='ltr'><strong>dedit</strong></span> <span class='ocrx_word' id='word_1_33' title='bbox 350 1060 385 1122; x_wconf 91' lang='lat' dir='ltr'><strong>in</strong></span> <span class='ocrx_word' id='word_1_34' title='bbox 400 1059 569 1136; x_wconf 89' lang='lat' dir='ltr'><strong>mandatis,</strong></span> <span class='ocrx_word' id='word_1_35' title='bbox 586 1069 624 1122; x_wconf 93' lang='lat' dir='ltr'><strong>ut</strong></span> <span class='ocrx_word' id='word_1_36' title='bbox 638 1060 680 1122; x_wconf 91' lang='lat' dir='ltr'><strong>ad</strong></span> <span class='ocrx_word' id='word_1_37' title='bbox 694 1081 727 1122; x_wconf 90' lang='lat' dir='ltr'><strong>se</strong></span> <span class='ocrx_word' id='word_1_38' title='bbox 742 1081 816 1122; x_wconf 90' lang='lat' dir='ltr'><strong>cum</strong></span> <span class='ocrx_word' id='word_1_39' title='bbox 832 1059 1025 1143; x_wconf 89' lang='lat' dir='ltr'><strong>quibusdam</strong></span> <span class='ocrx_word' id='word_1_40' title='bbox 1038 1059 1203 1137; x_wconf 84' lang='lat' dir='ltr'><strong>fratribus,</strong></span> <span class='ocrx_word' id='word_1_41' title='bbox 1215 1069 1304 1144; x_wconf 86' lang='lat' dir='ltr'><strong>post-</strong></span> 
     </span>
     <span class='ocr_line' id='line_1_6' title="bbox 244 1159 1303 1246; baseline 0 -22"><span class='ocrx_word' id='word_1_42' title='bbox 244 1163 352 1246; x_wconf 86' lang='lat' dir='ltr'><strong>posita</strong></span> <span class='ocrx_word' id='word_1_43' title='bbox 365 1163 492 1224; x_wconf 84' lang='lat' dir='ltr'><strong>veniret</strong></span> <span class='ocrx_word' id='word_1_44' title='bbox 516 1161 682 1232; x_wconf 84' lang='lat' dir='ltr'><strong>dilatione.</strong></span> <span class='ocrx_word' id='word_1_45' title='bbox 728 1159 890 1224; x_wconf 86' lang='lat' dir='ltr'><strong>Veniente</strong></span> <span class='ocrx_word' id='word_1_46' title='bbox 916 1161 1094 1224; x_wconf 89' lang='lat' dir='ltr'><strong>secundum</strong></span> <span class='ocrx_word' id='word_1_47' title='bbox 1117 1162 1303 1224; x_wconf 90' lang='lat' dir='ltr'><strong>mandatum</strong></span> 
     </span>
     <span class='ocr_line' id='line_1_7' title="bbox 244 1262 1303 1348; baseline 0 -22"><span class='ocrx_word' id='word_1_48' title='bbox 244 1265 346 1348; x_wconf 88' lang='lat' dir='ltr'><strong>ipsius</strong></span> <span class='ocrx_word' id='word_1_49' title='bbox 369 1264 476 1348; x_wconf 91' lang='lat' dir='ltr'><strong>priore</strong></span> <span class='ocrx_word' id='word_1_50' title='bbox 502 1285 576 1326; x_wconf 93' lang='lat' dir='ltr'><strong>cum</strong></span> <span class='ocrx_word' id='word_1_51' title='bbox 597 1262 762 1340; x_wconf 78' lang='lat' dir='ltr'><strong>fratribus,</strong></span> <span class='ocrx_word' id='word_1_52' title='bbox 789 1263 891 1348; x_wconf 91' lang='lat' dir='ltr'><strong>coepit</strong></span> <span class='ocrx_word' id='word_1_53' title='bbox 911 1263 1083 1347; x_wconf 87' lang='lat' dir='ltr'><strong>diligenter</strong></span> <span class='ocrx_word' id='word_1_54' title='bbox 1106 1263 1205 1326; x_wconf 90' lang='lat' dir='ltr'><strong>etiam</strong></span> <span class='ocrx_word' id='word_1_55' title='bbox 1230 1285 1303 1327; x_wconf 88' lang='lat' dir='ltr'><strong>cum</strong></span> 
     </span>
     <span class='ocr_line' id='line_1_8' title="bbox 245 1364 1303 1450; baseline 0.002 -22"><span class='ocrx_word' id='word_1_56' title='bbox 245 1387 283 1428; x_wconf 92' lang='lat' dir='ltr'><strong>eo</strong></span> <span class='ocrx_word' id='word_1_57' title='bbox 307 1366 346 1427; x_wconf 93' lang='lat' dir='ltr'><strong>de</strong></span> <span class='ocrx_word' id='word_1_58' title='bbox 370 1364 473 1428; x_wconf 92' lang='lat' dir='ltr'><strong>salute</strong></span> <span class='ocrx_word' id='word_1_59' title='bbox 499 1365 616 1427; x_wconf 87' lang='lat' dir='ltr'><strong>animae</strong></span> <span class='ocrx_word' id='word_1_60' title='bbox 633 1383 704 1427; x_wconf 30' lang='lat' dir='ltr'><strong>ssuae</strong></span> <span class='ocrx_word' id='word_1_61' title='bbox 726 1387 832 1448; x_wconf 82' lang='lat' dir='ltr'><strong>agere,</strong></span> <span class='ocrx_word' id='word_1_62' title='bbox 856 1375 890 1428; x_wconf 91' lang='lat' dir='ltr'><strong>et</strong></span> <span class='ocrx_word' id='word_1_63' title='bbox 914 1376 980 1428; x_wconf 89' lang='lat' dir='ltr'><strong>tam</strong></span> <span class='ocrx_word' id='word_1_64' title='bbox 1003 1367 1042 1430; x_wconf 89' lang='lat' dir='ltr'><strong>ab</strong></span> <span class='ocrx_word' id='word_1_65' title='bbox 1065 1366 1148 1449; x_wconf 89' lang='lat' dir='ltr'><strong>ipso,</strong></span> <span class='ocrx_word' id='word_1_66' title='bbox 1165 1388 1263 1450; x_wconf 92' lang='lat' dir='ltr'><strong>quam</strong></span> <span class='ocrx_word' id='word_1_67' title='bbox 1284 1388 1303 1430; x_wconf 90' lang='lat' dir='ltr'><strong>a</strong></span> 
     </span>
     <span class='ocr_line' id='line_1_9' title="bbox 244 1465 1302 1551; baseline 0 -22"><span class='ocrx_word' id='word_1_68' title='bbox 244 1466 400 1530; x_wconf 85' lang='lat' dir='ltr'><strong>fratribus</strong></span> <span class='ocrx_word' id='word_1_69' title='bbox 420 1465 479 1549; x_wconf 92' lang='lat' dir='ltr'><strong>qui</strong></span> <span class='ocrx_word' id='word_1_70' title='bbox 502 1488 576 1528; x_wconf 91' lang='lat' dir='ltr'><strong>cum</strong></span> <span class='ocrx_word' id='word_1_71' title='bbox 602 1489 641 1528; x_wconf 89' lang='lat' dir='ltr'><strong>eo</strong></span> <span class='ocrx_word' id='word_1_72' title='bbox 665 1476 767 1543; x_wconf 90' lang='lat' dir='ltr'><strong>erant,</strong></span> <span class='ocrx_word' id='word_1_73' title='bbox 793 1467 832 1528; x_wconf 92' lang='lat' dir='ltr'><strong>de</strong></span> <span class='ocrx_word' id='word_1_74' title='bbox 860 1467 1009 1530; x_wconf 90' lang='lat' dir='ltr'><strong>omnibus</strong></span> <span class='ocrx_word' id='word_1_75' title='bbox 1034 1467 1154 1551; x_wconf 88' lang='lat' dir='ltr'><strong>quibus</strong></span> <span class='ocrx_word' id='word_1_76' title='bbox 1175 1489 1229 1530; x_wconf 90' lang='lat' dir='ltr'><strong>eos</strong></span> <span class='ocrx_word' id='word_1_77' title='bbox 1245 1489 1302 1529; x_wconf 90' lang='lat' dir='ltr'><strong>seu</strong></span> 
     </span>
     <span class='ocr_line' id='line_1_10' title="bbox 242 1567 1302 1652; baseline 0 -22"><span class='ocrx_word' id='word_1_78' title='bbox 242 1568 360 1631; x_wconf 90' lang='lat' dir='ltr'><strong>merito</strong></span> <span class='ocrx_word' id='word_1_79' title='bbox 386 1589 445 1630; x_wconf 91' lang='lat' dir='ltr'><strong>seu</strong></span> <span class='ocrx_word' id='word_1_80' title='bbox 470 1567 632 1630; x_wconf 89' lang='lat' dir='ltr'><strong>immerito</strong></span> <span class='ocrx_word' id='word_1_81' title='bbox 655 1567 900 1630; x_wconf 72' lang='lat' dir='ltr'><strong>contristaverat</strong></span> <span class='ocrx_word' id='word_1_82' title='bbox 925 1569 1161 1652; x_wconf 87' lang='lat' dir='ltr'><strong>indulgentiam</strong></span> <span class='ocrx_word' id='word_1_83' title='bbox 1179 1578 1302 1652; x_wconf 87' lang='lat' dir='ltr'><strong>petere,</strong></span> 
     </span>
     <span class='ocr_line' id='line_1_11' title="bbox 242 1668 1303 1753; baseline 0 -21"><span class='ocrx_word' id='word_1_84' title='bbox 242 1671 334 1753; x_wconf 92' lang='lat' dir='ltr'><strong>prius</strong></span> <span class='ocrx_word' id='word_1_85' title='bbox 360 1669 406 1732; x_wconf 90' lang='lat' dir='ltr'><strong>eis</strong></span> <span class='ocrx_word' id='word_1_86' title='bbox 436 1668 553 1731; x_wconf 88' lang='lat' dir='ltr'><strong>similia</strong></span> <span class='ocrx_word' id='word_1_87' title='bbox 581 1669 761 1734; x_wconf 85' lang='lat' dir='ltr'><strong>remittens.</strong></span> <span class='ocrx_word' id='word_1_88' title='bbox 816 1669 910 1733; x_wconf 86' lang='lat' dir='ltr'><strong>Prior</strong></span> <span class='ocrx_word' id='word_1_89' title='bbox 937 1692 1014 1734; x_wconf 83' lang='lat' dir='ltr'><strong>vero</strong></span> <span class='ocrx_word' id='word_1_90' title='bbox 1044 1693 1118 1734; x_wconf 92' lang='lat' dir='ltr'><strong>cum</strong></span> <span class='ocrx_word' id='word_1_91' title='bbox 1146 1670 1303 1733; x_wconf 88' lang='lat' dir='ltr'><strong>fratribus</strong></span> 
     </span>
     <span class='ocr_line' id='line_1_12' title="bbox 243 1769 1303 1856; baseline 0.002 -22"><span class='ocrx_word' id='word_1_92' title='bbox 243 1771 346 1834; x_wconf 91' lang='lat' dir='ltr'><strong>totius</strong></span> <span class='ocrx_word' id='word_1_93' title='bbox 369 1780 545 1834; x_wconf 84' lang='lat' dir='ltr'><strong>conventus</strong></span> <span class='ocrx_word' id='word_1_94' title='bbox 560 1770 647 1834; x_wconf 88' lang='lat' dir='ltr'><strong>vices</strong></span> <span class='ocrx_word' id='word_1_95' title='bbox 669 1793 777 1854; x_wconf 87' lang='lat' dir='ltr'><strong>agens,</strong></span> <span class='ocrx_word' id='word_1_96' title='bbox 794 1769 824 1832; x_wconf 93' lang='lat' dir='ltr'><strong>ei</strong></span> <span class='ocrx_word' id='word_1_97' title='bbox 848 1771 887 1834; x_wconf 91' lang='lat' dir='ltr'><strong>de</strong></span> <span class='ocrx_word' id='word_1_98' title='bbox 902 1772 1053 1836; x_wconf 89' lang='lat' dir='ltr'><strong>omnibus</strong></span> <span class='ocrx_word' id='word_1_99' title='bbox 1075 1795 1135 1856; x_wconf 93' lang='lat' dir='ltr'><strong>pro</strong></span> <span class='ocrx_word' id='word_1_100' title='bbox 1152 1772 1303 1836; x_wconf 89' lang='lat' dir='ltr'><strong>omnibus</strong></span> 
     </span>
     <span class='ocr_line' id='line_1_13' title="bbox 244 1871 1303 1957; baseline 0.001 -22"><span class='ocrx_word' id='word_1_101' title='bbox 244 1871 391 1948; x_wconf 89' lang='lat' dir='ltr'><strong>indulsit,</strong></span> <span class='ocrx_word' id='word_1_102' title='bbox 418 1873 629 1957; x_wconf 91' lang='lat' dir='ltr'><strong>omniumque</strong></span> <span class='ocrx_word' id='word_1_103' title='bbox 650 1895 704 1936; x_wconf 92' lang='lat' dir='ltr'><strong>ore</strong></span> <span class='ocrx_word' id='word_1_104' title='bbox 729 1873 910 1939; x_wconf 85' lang='lat' dir='ltr'><strong>benedixit.</strong></span> <span class='ocrx_word' id='word_1_105' title='bbox 957 1874 1157 1938; x_wconf 90' lang='lat' dir='ltr'><strong>Benedicens</strong></span> <span class='ocrx_word' id='word_1_106' title='bbox 1180 1884 1214 1937; x_wconf 91' lang='lat' dir='ltr'><strong>et</strong></span> <span class='ocrx_word' id='word_1_107' title='bbox 1234 1897 1303 1936; x_wconf 94' lang='lat' dir='ltr'><strong>om-</strong></span> 
     </span>
     <span class='ocr_line' id='line_1_14' title="bbox 245 1974 1304 2059; baseline 0.001 -22"><span class='ocrx_word' id='word_1_108' title='bbox 245 1975 342 2038; x_wconf 89' lang='lat' dir='ltr'><strong>nibus</strong></span> <span class='ocrx_word' id='word_1_109' title='bbox 368 1974 437 2058; x_wconf 91' lang='lat' dir='ltr'><strong>ipse</strong></span> <span class='ocrx_word' id='word_1_110' title='bbox 451 1984 587 2058; x_wconf 90' lang='lat' dir='ltr'><strong>paterno</strong></span> <span class='ocrx_word' id='word_1_111' title='bbox 608 1975 736 2051; x_wconf 88' lang='lat' dir='ltr'><strong>affectu,</strong></span> <span class='ocrx_word' id='word_1_112' title='bbox 762 1976 938 2038; x_wconf 91' lang='lat' dir='ltr'><strong>sententias</strong></span> <span class='ocrx_word' id='word_1_113' title='bbox 954 1977 1066 2059; x_wconf 92' lang='lat' dir='ltr'><strong>quavis</strong></span> <span class='ocrx_word' id='word_1_114' title='bbox 1081 1977 1245 2040; x_wconf 85' lang='lat' dir='ltr'><strong>occasione</strong></span> <span class='ocrx_word' id='word_1_115' title='bbox 1269 1977 1304 2039; x_wconf 91' lang='lat' dir='ltr'><strong>in</strong></span> 
     </span>
     <span class='ocr_line' id='line_1_15' title="bbox 246 2076 1304 2162; baseline 0.001 -23"><span class='ocrx_word' id='word_1_116' title='bbox 246 2076 408 2160; x_wconf 90' lang='lat' dir='ltr'><strong>quoslibet</strong></span> <span class='ocrx_word' id='word_1_117' title='bbox 426 2076 563 2139; x_wconf 87' lang='lat' dir='ltr'><strong>fratrum</strong></span> <span class='ocrx_word' id='word_1_118' title='bbox 577 2077 804 2162; x_wconf 88' lang='lat' dir='ltr'><strong>praecipitabas</strong></span> <span class='ocrx_word' id='word_1_119' title='bbox 822 2077 990 2156; x_wconf 86' lang='lat' dir='ltr'><strong>relaxavit,</strong></span> <span class='ocrx_word' id='word_1_120' title='bbox 1006 2101 1116 2141; x_wconf 92' lang='lat' dir='ltr'><strong>omnes</strong></span> <span class='ocrx_word' id='word_1_121' title='bbox 1132 2101 1175 2142; x_wconf 93' lang='lat' dir='ltr'><strong>ex</strong></span> <span class='ocrx_word' id='word_1_122' title='bbox 1197 2078 1304 2142; x_wconf 91' lang='lat' dir='ltr'><strong>officio</strong></span> 
     </span>
     <span class='ocr_line' id='line_1_16' title="bbox 243 2178 1304 2264; baseline 0.004 -24"><span class='ocrx_word' id='word_1_123' title='bbox 243 2178 396 2262; x_wconf 90' lang='lat' dir='ltr'><strong>pastorali</strong></span> <span class='ocrx_word' id='word_1_124' title='bbox 412 2201 478 2261; x_wconf 92' lang='lat' dir='ltr'><strong>quo</strong></span> <span class='ocrx_word' id='word_1_125' title='bbox 492 2178 689 2262; x_wconf 88' lang='lat' dir='ltr'><strong>fungebatur</strong></span> <span class='ocrx_word' id='word_1_126' title='bbox 703 2179 850 2242; x_wconf 86' lang='lat' dir='ltr'><strong>absolvit.</strong></span> <span class='ocrx_word' id='word_1_127' title='bbox 898 2179 982 2242; x_wconf 89' lang='lat' dir='ltr'><strong>Cum</strong></span> <span class='ocrx_word' id='word_1_128' title='bbox 996 2203 1071 2244; x_wconf 90' lang='lat' dir='ltr'><strong>vero</strong></span> <span class='ocrx_word' id='word_1_129' title='bbox 1085 2203 1146 2264; x_wconf 91' lang='lat' dir='ltr'><strong>per</strong></span> <span class='ocrx_word' id='word_1_130' title='bbox 1160 2180 1304 2264; x_wconf 90' lang='lat' dir='ltr'><strong>singulos</strong></span> 
     </span>
     <span class='ocr_line' id='line_1_17' title="bbox 244 2279 1305 2366; baseline 0.002 -24"><span class='ocrx_word' id='word_1_131' title='bbox 244 2279 313 2342; x_wconf 88' lang='lat' dir='ltr'><strong>dies</strong></span> <span class='ocrx_word' id='word_1_132' title='bbox 338 2280 460 2343; x_wconf 86' lang='lat' dir='ltr'><strong>viribus</strong></span> <span class='ocrx_word' id='word_1_133' title='bbox 490 2281 632 2366; x_wconf 90' lang='lat' dir='ltr'><strong>corporis</strong></span> <span class='ocrx_word' id='word_1_134' title='bbox 661 2281 902 2358; x_wconf 87' lang='lat' dir='ltr'><strong>destitueretur,</strong></span> <span class='ocrx_word' id='word_1_135' title='bbox 933 2281 1121 2344; x_wconf 88' lang='lat' dir='ltr'><strong>visitaturus</strong></span> <span class='ocrx_word' id='word_1_136' title='bbox 1151 2303 1226 2344; x_wconf 91' lang='lat' dir='ltr'><strong>eum</strong></span> <span class='ocrx_word' id='word_1_137' title='bbox 1255 2281 1305 2345; x_wconf 89' lang='lat' dir='ltr'><strong>vir</strong></span> 
     </span>
     <span class='ocr_line' id='line_1_18' title="bbox 243 2381 1303 2470; baseline 0.006 -28"><span class='ocrx_word' id='word_1_138' title='bbox 243 2381 378 2444; x_wconf 90' lang='lat' dir='ltr'><strong>illustris</strong></span> <span class='ocrx_word' id='word_1_139' title='bbox 392 2381 552 2444; x_wconf 88' lang='lat' dir='ltr'><strong>Ricardus</strong></span> <span class='ocrx_word' id='word_1_140' title='bbox 572 2384 612 2446; x_wconf 94' lang='lat' dir='ltr'><strong>de</strong></span> <span class='ocrx_word' id='word_1_141' title='bbox 633 2382 716 2447; x_wconf 93' lang='lat' dir='ltr'><strong>Luci</strong></span> <span class='ocrx_word' id='word_1_142' title='bbox 731 2383 832 2447; x_wconf 88' lang='lat' dir='ltr'><strong>frater</strong></span> <span class='ocrx_word' id='word_1_143' title='bbox 853 2385 923 2470; x_wconf 81' lang='lat' dir='ltr'><strong>ejus</strong></span> <span class='ocrx_word' id='word_1_144' title='bbox 949 2383 1089 2460; x_wconf 89' lang='lat' dir='ltr'><strong>advenit,</strong></span> <span class='ocrx_word' id='word_1_145' title='bbox 1104 2384 1238 2468; x_wconf 89' lang='lat' dir='ltr'><strong>visoque</strong></span> <span class='ocrx_word' id='word_1_146' title='bbox 1264 2407 1303 2448; x_wconf 94' lang='lat' dir='ltr'><strong>eo</strong></span> 
     </span>
     <span class='ocr_line' id='line_1_19' title="bbox 244 2483 1303 2570; baseline 0.005 -25"><span class='ocrx_word' id='word_1_147' title='bbox 244 2483 412 2567; x_wconf 88' lang='lat' dir='ltr'><strong>fretusque</strong></span> <span class='ocrx_word' id='word_1_148' title='bbox 442 2483 616 2568; x_wconf 92' lang='lat' dir='ltr'><strong>colloquio,</strong></span> <span class='ocrx_word' id='word_1_149' title='bbox 646 2507 720 2548; x_wconf 91' lang='lat' dir='ltr'><strong>cum</strong></span> <span class='ocrx_word' id='word_1_150' title='bbox 749 2507 846 2570; x_wconf 88' lang='lat' dir='ltr'><strong>super</strong></span> <span class='ocrx_word' id='word_1_151' title='bbox 875 2508 913 2548; x_wconf 95' lang='lat' dir='ltr'><strong>eo</strong></span> <span class='ocrx_word' id='word_1_152' title='bbox 944 2485 1073 2548; x_wconf 88' lang='lat' dir='ltr'><strong>sanitati</strong></span> <span class='ocrx_word' id='word_1_153' title='bbox 1102 2487 1303 2550; x_wconf 88' lang='lat' dir='ltr'><strong>restituendo</strong></span> 
     </span>
     <span class='ocr_line' id='line_1_20' title="bbox 245 2585 1303 2670; baseline 0.004 -25"><span class='ocrx_word' id='word_1_154' title='bbox 245 2607 334 2668; x_wconf 88' lang='lat' dir='ltr'><strong>spem</strong></span> <span class='ocrx_word' id='word_1_155' title='bbox 348 2585 472 2648; x_wconf 91' lang='lat' dir='ltr'><strong>nullam</strong></span> <span class='ocrx_word' id='word_1_156' title='bbox 487 2586 672 2670; x_wconf 88' lang='lat' dir='ltr'><strong>conciperet</strong></span> <span class='ocrx_word' id='word_1_157' title='bbox 687 2587 840 2670; x_wconf 84' lang='lat' dir='ltr'><strong>quatinus</strong></span> <span class='ocrx_word' id='word_1_158' title='bbox 856 2587 1004 2650; x_wconf 89' lang='lat' dir='ltr'><strong>celeriter</strong></span> <span class='ocrx_word' id='word_1_159' title='bbox 1018 2588 1059 2650; x_wconf 92' lang='lat' dir='ltr'><strong>ad</strong></span> <span class='ocrx_word' id='word_1_160' title='bbox 1072 2587 1303 2651; x_wconf 85' lang='lat' dir='ltr'><strong>monasterium</strong></span> 
     </span>
    </p>

    <p class='ocr_par' dir='ltr' id='par_1_3' title="bbox 216 2686 1305 4194">
     <span class='ocr_line' id='line_1_21' title="bbox 244 2686 1305 2772; baseline 0.002 -24"><span class='ocrx_word' id='word_1_161' title='bbox 244 2707 339 2748; x_wconf 90' lang='lat' dir='ltr'><strong>suum</strong></span> <span class='ocrx_word' id='word_1_162' title='bbox 354 2686 579 2769; x_wconf 86' lang='lat' dir='ltr'><strong>deportaretur</strong></span> <span class='ocrx_word' id='word_1_163' title='bbox 593 2687 773 2752; x_wconf 90' lang='lat' dir='ltr'><strong>admonuit.</strong></span> <span class='ocrx_word' id='word_1_164' title='bbox 820 2687 873 2750; x_wconf 91' lang='lat' dir='ltr'><strong>Ne</strong></span> <span class='ocrx_word' id='word_1_165' title='bbox 895 2688 976 2772; x_wconf 93' lang='lat' dir='ltr'><strong>quid</strong></span> <span class='ocrx_word' id='word_1_166' title='bbox 993 2709 1105 2749; x_wconf 90' lang='lat' dir='ltr'><strong>eorum</strong></span> <span class='ocrx_word' id='word_1_167' title='bbox 1121 2709 1196 2771; x_wconf 88' lang='lat' dir='ltr'><strong>quae</strong></span> <span class='ocrx_word' id='word_1_168' title='bbox 1211 2697 1305 2750; x_wconf 91' lang='lat' dir='ltr'><strong>tenet</strong></span> 
     </span>
     <span class='ocr_line' id='line_1_22' title="bbox 216 2773 1301 2874; baseline 0.005 -25"><span class='ocrx_word' id='word_1_169' title='bbox 216 2773 409 2850; x_wconf 72' lang='lat' dir='ltr'><strong>&#39;institutio</strong></span> <span class='ocrx_word' id='word_1_170' title='bbox 449 2787 663 2851; x_wconf 89' lang='lat' dir='ltr'><strong>ecclesiastica</strong></span> <span class='ocrx_word' id='word_1_171' title='bbox 688 2788 885 2874; x_wconf 61' lang='lat' dir='ltr'><strong>,properanti</strong></span> <span class='ocrx_word' id='word_1_172' title='bbox 921 2789 962 2852; x_wconf 87' lang='lat' dir='ltr'><strong>ad</strong></span> <span class='ocrx_word' id='word_1_173' title='bbox 990 2789 1162 2852; x_wconf 89' lang='lat' dir='ltr'><strong>transitum</strong></span> <span class='ocrx_word' id='word_1_174' title='bbox 1191 2790 1301 2854; x_wconf 89' lang='lat' dir='ltr'><strong>deesse</strong></span> 
     </span>
     <span class='ocr_line' id='line_1_23' title="bbox 240 2889 1301 2976; baseline 0.002 -24"><span class='ocrx_word' id='word_1_175' title='bbox 240 2889 419 2967; x_wconf 84' lang='lat' dir='ltr'><strong>¹videretur,</strong></span> <span class='ocrx_word' id='word_1_176' title='bbox 446 2911 522 2952; x_wconf 90' lang='lat' dir='ltr'><strong>sana</strong></span> <span class='ocrx_word' id='word_1_177' title='bbox 541 2900 649 2953; x_wconf 92' lang='lat' dir='ltr'><strong>mente</strong></span> <span class='ocrx_word' id='word_1_178' title='bbox 673 2912 816 2973; x_wconf 87' lang='lat' dir='ltr'><strong>sanoque</strong></span> <span class='ocrx_word' id='word_1_179' title='bbox 841 2890 1014 2954; x_wconf 90' lang='lat' dir='ltr'><strong>intellectu</strong></span> <span class='ocrx_word' id='word_1_180' title='bbox 1040 2914 1165 2976; x_wconf 89' lang='lat' dir='ltr'><strong>semper</strong></span> <span class='ocrx_word' id='word_1_181' title='bbox 1191 2890 1301 2954; x_wconf 89' lang='lat' dir='ltr'><strong>Deum</strong></span> 
     </span>
     <span class='ocr_line' id='line_1_24' title="bbox 244 2991 1302 3077; baseline 0.004 -25"><span class='ocrx_word' id='word_1_182' title='bbox 244 2991 395 3054; x_wconf 85' lang='lat' dir='ltr'><strong>invocans</strong></span> <span class='ocrx_word' id='word_1_183' title='bbox 410 2991 539 3054; x_wconf 91' lang='lat' dir='ltr'><strong>tandem</strong></span> <span class='ocrx_word' id='word_1_184' title='bbox 554 2991 734 3076; x_wconf 88' lang='lat' dir='ltr'><strong>inungitur,</strong></span> <span class='ocrx_word' id='word_1_185' title='bbox 751 2991 862 3076; x_wconf 88' lang='lat' dir='ltr'><strong>sicque</strong></span> <span class='ocrx_word' id='word_1_186' title='bbox 877 2992 998 3056; x_wconf 85' lang='lat' dir='ltr'><strong>feretro</strong></span> <span class='ocrx_word' id='word_1_187' title='bbox 1010 2993 1191 3077; x_wconf 90' lang='lat' dir='ltr'><strong>impositus,</strong></span> <span class='ocrx_word' id='word_1_188' title='bbox 1208 2993 1302 3076; x_wconf 90' lang='lat' dir='ltr'><strong>equis</strong></span> 
     </span>
     <span class='ocr_line' id='line_1_25' title="bbox 246 3092 1301 3180; baseline 0.003 -25"><span class='ocrx_word' id='word_1_189' title='bbox 246 3092 491 3176; x_wconf 86' lang='lat' dir='ltr'><strong>deportantibus</strong></span> <span class='ocrx_word' id='word_1_190' title='bbox 520 3115 625 3176; x_wconf 90' lang='lat' dir='ltr'><strong>usque</strong></span> <span class='ocrx_word' id='word_1_191' title='bbox 657 3092 788 3156; x_wconf 90' lang='lat' dir='ltr'><strong>Bellum</strong></span> <span class='ocrx_word' id='word_1_192' title='bbox 820 3094 1062 3159; x_wconf 85' lang='lat' dir='ltr'><strong>transvehitur.¹</strong></span> <span class='ocrx_word' id='word_1_193' title='bbox 1121 3095 1198 3162; x_wconf 79' lang='lat' dir='ltr'><strong>Quo</strong></span> <span class='ocrx_word' id='word_1_194' title='bbox 1226 3117 1301 3180; x_wconf 88' lang='lat' dir='ltr'><strong>per·</strong></span> 
     </span>
     <span class='ocr_line' id='line_1_26' title="bbox 244 3194 1301 3280; baseline 0.002 -24"><span class='ocrx_word' id='word_1_195' title='bbox 244 3194 376 3256; x_wconf 86' lang='lat' dir='ltr'><strong>veniens</strong></span> <span class='ocrx_word' id='word_1_196' title='bbox 387 3195 455 3278; x_wconf 87' lang='lat' dir='ltr'><strong>jam</strong></span> <span class='ocrx_word' id='word_1_197' title='bbox 470 3194 601 3256; x_wconf 91' lang='lat' dir='ltr'><strong>omnino</strong></span> <span class='ocrx_word' id='word_1_198' title='bbox 615 3203 683 3256; x_wconf 91' lang='lat' dir='ltr'><strong>erat</strong></span> <span class='ocrx_word' id='word_1_199' title='bbox 698 3194 766 3256; x_wconf 94' lang='lat' dir='ltr'><strong>sine</strong></span> <span class='ocrx_word' id='word_1_200' title='bbox 782 3216 870 3272; x_wconf 88' lang='lat' dir='ltr'><strong>voce,</strong></span> <span class='ocrx_word' id='word_1_201' title='bbox 886 3195 954 3258; x_wconf 90' lang='lat' dir='ltr'><strong>solo</strong></span> <span class='ocrx_word' id='word_1_202' title='bbox 976 3196 1094 3280; x_wconf 90' lang='lat' dir='ltr'><strong>spiritu</strong></span> <span class='ocrx_word' id='word_1_203' title='bbox 1113 3195 1149 3260; x_wconf 91' lang='lat' dir='ltr'><strong>in</strong></span> <span class='ocrx_word' id='word_1_204' title='bbox 1167 3206 1301 3280; x_wconf 90' lang='lat' dir='ltr'><strong>pectore</strong></span> 
     </span>
     <span class='ocr_line' id='line_1_27' title="bbox 245 3293 1301 3381; baseline 0.003 -24"><span class='ocrx_word' id='word_1_205' title='bbox 245 3295 436 3379; x_wconf 86' lang='lat' dir='ltr'><strong>palpitante.</strong></span> <span class='ocrx_word' id='word_1_206' title='bbox 481 3293 669 3358; x_wconf 90' lang='lat' dir='ltr'><strong>Accurrunt</strong></span> <span class='ocrx_word' id='word_1_207' title='bbox 683 3316 757 3357; x_wconf 91' lang='lat' dir='ltr'><strong>cum</strong></span> <span class='ocrx_word' id='word_1_208' title='bbox 772 3297 897 3378; x_wconf 90' lang='lat' dir='ltr'><strong>gemitu</strong></span> <span class='ocrx_word' id='word_1_209' title='bbox 905 3297 976 3374; x_wconf 88' lang='lat' dir='ltr'><strong>filii,</strong></span> <span class='ocrx_word' id='word_1_210' title='bbox 992 3307 1116 3381; x_wconf 89' lang='lat' dir='ltr'><strong>patrem</strong></span> <span class='ocrx_word' id='word_1_211' title='bbox 1127 3297 1301 3381; x_wconf 89' lang='lat' dir='ltr'><strong>plusquam</strong></span> 
     </span>
     <span class='ocr_line' id='line_1_28' title="bbox 244 3396 1304 3483; baseline 0.003 -24"><span class='ocrx_word' id='word_1_212' title='bbox 244 3397 440 3478; x_wconf 25' lang='lat' dir='ltr'><strong>seminecem,</strong></span> <span class='ocrx_word' id='word_1_213' title='bbox 459 3397 594 3481; x_wconf 88' lang='lat' dir='ltr'><strong>jamque</strong></span> <span class='ocrx_word' id='word_1_214' title='bbox 630 3396 822 3480; x_wconf 86' lang='lat' dir='ltr'><strong>migrantem</strong></span> <span class='ocrx_word' id='word_1_215' title='bbox 850 3398 961 3476; x_wconf 82' lang='lat' dir='ltr'><strong>visuri,</strong></span> <span class='ocrx_word' id='word_1_216' title='bbox 991 3421 1058 3463; x_wconf 92' lang='lat' dir='ltr'><strong>non</strong></span> <span class='ocrx_word' id='word_1_217' title='bbox 1088 3409 1196 3461; x_wconf 89' lang='lat' dir='ltr'><strong>tamen</strong></span> <span class='ocrx_word' id='word_1_218' title='bbox 1233 3400 1304 3483; x_wconf 89' lang='lat' dir='ltr'><strong>ejus</strong></span> 
     </span>
     <span class='ocr_line' id='line_1_29' title="bbox 245 3496 1302 3584; baseline 0 -22"><span class='ocrx_word' id='word_1_219' title='bbox 245 3499 407 3584; x_wconf 90' lang='lat' dir='ltr'><strong>colloquio</strong></span> <span class='ocrx_word' id='word_1_220' title='bbox 423 3498 566 3563; x_wconf 85' lang='lat' dir='ltr'><strong>fruituri.</strong></span> <span class='ocrx_word' id='word_1_221' title='bbox 612 3496 785 3561; x_wconf 85' lang='lat' dir='ltr'><strong>Accedunt</strong></span> <span class='ocrx_word' id='word_1_222' title='bbox 799 3498 919 3582; x_wconf 91' lang='lat' dir='ltr'><strong>singuli</strong></span> <span class='ocrx_word' id='word_1_223' title='bbox 934 3500 979 3563; x_wconf 88' lang='lat' dir='ltr'><strong>sic</strong></span> <span class='ocrx_word' id='word_1_224' title='bbox 990 3501 1153 3584; x_wconf 88' lang='lat' dir='ltr'><strong>jacentem</strong></span> <span class='ocrx_word' id='word_1_225' title='bbox 1169 3501 1302 3564; x_wconf 91' lang='lat' dir='ltr'><strong>deoscu-</strong></span> 
     </span>
     <span class='ocr_line' id='line_1_30' title="bbox 244 3600 1302 3684; baseline 0.003 -21"><span class='ocrx_word' id='word_1_226' title='bbox 244 3601 357 3678; x_wconf 89' lang='lat' dir='ltr'><strong>lantes,</strong></span> <span class='ocrx_word' id='word_1_227' title='bbox 374 3611 407 3664; x_wconf 88' lang='lat' dir='ltr'><strong>et</strong></span> <span class='ocrx_word' id='word_1_228' title='bbox 421 3601 461 3664; x_wconf 92' lang='lat' dir='ltr'><strong>de</strong></span> <span class='ocrx_word' id='word_1_229' title='bbox 477 3611 594 3664; x_wconf 84' lang='lat' dir='ltr'><strong>caetero</strong></span> <span class='ocrx_word' id='word_1_230' title='bbox 610 3600 688 3684; x_wconf 91' lang='lat' dir='ltr'><strong>quia</strong></span> <span class='ocrx_word' id='word_1_231' title='bbox 709 3600 777 3664; x_wconf 92' lang='lat' dir='ltr'><strong>dies</strong></span> <span class='ocrx_word' id='word_1_232' title='bbox 801 3600 987 3666; x_wconf 84' lang='lat' dir='ltr'><strong>illucescere</strong></span> <span class='ocrx_word' id='word_1_233' title='bbox 1002 3603 1171 3666; x_wconf 90' lang='lat' dir='ltr'><strong>videbatur</strong></span> <span class='ocrx_word' id='word_1_234' title='bbox 1189 3602 1302 3666; x_wconf 88' lang='lat' dir='ltr'><strong>horam</strong></span> 
     </span>
     <span class='ocr_line' id='line_1_31' title="bbox 243 3703 1302 3789; baseline 0.002 -23"><span class='ocrx_word' id='word_1_235' title='bbox 243 3703 439 3788; x_wconf 92' lang='lat' dir='ltr'><strong>incognitam</strong></span> <span class='ocrx_word' id='word_1_236' title='bbox 455 3713 676 3789; x_wconf 90' lang='lat' dir='ltr'><strong>expectantes,</strong></span> <span class='ocrx_word' id='word_1_237' title='bbox 689 3703 883 3786; x_wconf 87' lang='lat' dir='ltr'><strong>exitumque</strong></span> <span class='ocrx_word' id='word_1_238' title='bbox 899 3725 995 3767; x_wconf 89' lang='lat' dir='ltr'><strong>suum</strong></span> <span class='ocrx_word' id='word_1_239' title='bbox 1010 3705 1191 3769; x_wconf 89' lang='lat' dir='ltr'><strong>orationum</strong></span> <span class='ocrx_word' id='word_1_240' title='bbox 1207 3706 1302 3768; x_wconf 89' lang='lat' dir='ltr'><strong>devo-</strong></span> 
     </span>
     <span class='ocr_line' id='line_1_32' title="bbox 243 3804 1302 3892; baseline 0.002 -25"><span class='ocrx_word' id='word_1_241' title='bbox 243 3806 332 3868; x_wconf 92' lang='lat' dir='ltr'><strong>tione</strong></span> <span class='ocrx_word' id='word_1_242' title='bbox 346 3805 540 3869; x_wconf 88' lang='lat' dir='ltr'><strong>munientes.</strong></span> <span class='ocrx_word' id='word_1_243' title='bbox 586 3804 659 3867; x_wconf 90' lang='lat' dir='ltr'><strong>Jam</strong></span> <span class='ocrx_word' id='word_1_244' title='bbox 678 3816 806 3868; x_wconf 91' lang='lat' dir='ltr'><strong>noctem</strong></span> <span class='ocrx_word' id='word_1_245' title='bbox 832 3827 906 3868; x_wconf 88' lang='lat' dir='ltr'><strong>cum</strong></span> <span class='ocrx_word' id='word_1_246' title='bbox 931 3807 983 3870; x_wconf 89' lang='lat' dir='ltr'><strong>die</strong></span> <span class='ocrx_word' id='word_1_247' title='bbox 1008 3809 1227 3892; x_wconf 88' lang='lat' dir='ltr'><strong>subsequente</strong></span> <span class='ocrx_word' id='word_1_248' title='bbox 1257 3807 1302 3870; x_wconf 90' lang='lat' dir='ltr'><strong>sic</strong></span> 
     </span>
     <span class='ocr_line' id='line_1_33' title="bbox 244 3906 1301 3991; baseline 0.004 -23"><span class='ocrx_word' id='word_1_249' title='bbox 244 3906 312 3968; x_wconf 91' lang='lat' dir='ltr'><strong>solo</strong></span> <span class='ocrx_word' id='word_1_250' title='bbox 327 3907 444 3990; x_wconf 89' lang='lat' dir='ltr'><strong>spiritu</strong></span> <span class='ocrx_word' id='word_1_251' title='bbox 458 3907 621 3991; x_wconf 90' lang='lat' dir='ltr'><strong>palpitans</strong></span> <span class='ocrx_word' id='word_1_252' title='bbox 636 3916 844 3990; x_wconf 88' lang='lat' dir='ltr'><strong>transegerat,</strong></span> <span class='ocrx_word' id='word_1_253' title='bbox 860 3929 994 3990; x_wconf 87' lang='lat' dir='ltr'><strong>noxque</strong></span> <span class='ocrx_word' id='word_1_254' title='bbox 1004 3910 1145 3971; x_wconf 88' lang='lat' dir='ltr'><strong>secunda</strong></span> <span class='ocrx_word' id='word_1_255' title='bbox 1160 3908 1301 3973; x_wconf 84' lang='lat' dir='ltr'><strong>tenebris</strong></span> 
     </span>
     <span class='ocr_line' id='line_1_34' title="bbox 245 4008 1302 4093; baseline 0.002 -23"><span class='ocrx_word' id='word_1_256' title='bbox 245 4008 311 4070; x_wconf 90' lang='lat' dir='ltr'><strong>suis</strong></span> <span class='ocrx_word' id='word_1_257' title='bbox 339 4018 440 4070; x_wconf 86' lang='lat' dir='ltr'><strong>terras</strong></span> <span class='ocrx_word' id='word_1_258' title='bbox 470 4010 649 4084; x_wconf 86' lang='lat' dir='ltr'><strong>obtexerat,</strong></span> <span class='ocrx_word' id='word_1_259' title='bbox 680 4031 754 4070; x_wconf 91' lang='lat' dir='ltr'><strong>cum</strong></span> <span class='ocrx_word' id='word_1_260' title='bbox 778 4009 847 4092; x_wconf 87' lang='lat' dir='ltr'><strong>jam</strong></span> <span class='ocrx_word' id='word_1_261' title='bbox 876 4031 896 4071; x_wconf 86' lang='lat' dir='ltr'><strong>a</strong></span> <span class='ocrx_word' id='word_1_262' title='bbox 925 4009 1049 4071; x_wconf 89' lang='lat' dir='ltr'><strong>cunctis</strong></span> <span class='ocrx_word' id='word_1_263' title='bbox 1079 4009 1136 4093; x_wconf 88' lang='lat' dir='ltr'><strong>qui</strong></span> <span class='ocrx_word' id='word_1_264' title='bbox 1168 4010 1302 4072; x_wconf 90' lang='lat' dir='ltr'><strong>aderant</strong></span> 
     </span>
     <span class='ocr_line' id='line_1_35' title="bbox 243 4109 1303 4194; baseline 0.007 -22"><span class='ocrx_word' id='word_1_265' title='bbox 243 4119 414 4194; x_wconf 87' lang='lat' dir='ltr'><strong>putaretur</strong></span> <span class='ocrx_word' id='word_1_266' title='bbox 438 4109 505 4172; x_wconf 90' lang='lat' dir='ltr'><strong>sine</strong></span> <span class='ocrx_word' id='word_1_267' title='bbox 528 4131 617 4172; x_wconf 91' lang='lat' dir='ltr'><strong>mora</strong></span> <span class='ocrx_word' id='word_1_268' title='bbox 640 4109 847 4192; x_wconf 87' lang='lat' dir='ltr'><strong>migraturus,</strong></span> <span class='ocrx_word' id='word_1_269' title='bbox 869 4131 943 4174; x_wconf 89' lang='lat' dir='ltr'><strong>cum</strong></span> <span class='ocrx_word' id='word_1_270' title='bbox 966 4110 1054 4176; x_wconf 92' lang='lat' dir='ltr'><strong>omni</strong></span> <span class='ocrx_word' id='word_1_271' title='bbox 1079 4109 1249 4176; x_wconf 91' lang='lat' dir='ltr'><strong>velocitate</strong></span> <span class='ocrx_word' id='word_1_272' title='bbox 1267 4111 1303 4179; x_wconf 89' lang='lat' dir='ltr'><strong>in</strong></span> 
     </span>
    </p>
   </div>
   <div class='ocr_carea' id='block_1_3' title="bbox 241 4289 1305 4414">
    <p class='ocr_par' dir='ltr' id='par_1_4' title="bbox 241 4289 1305 4414">
     <span class='ocr_line' id='line_1_36' title="bbox 277 4289 1303 4344; baseline 0 -1"><span class='ocrx_word' id='word_1_273' title='bbox 277 4293 284 4323; x_wconf 90' lang='lat'><strong>¹</strong></span> <span class='ocrx_word' id='word_1_274' title='bbox 306 4290 370 4343; x_wconf 83' lang='lat' dir='ltr'><strong>This</strong></span> <span class='ocrx_word' id='word_1_275' title='bbox 386 4307 438 4342; x_wconf 77' lang='lat' dir='ltr'><strong>was</strong></span> <span class='ocrx_word' id='word_1_276' title='bbox 457 4289 485 4341; x_wconf 92' lang='lat' dir='ltr'><strong>in</strong></span> <span class='ocrx_word' id='word_1_277' title='bbox 505 4289 661 4342; x_wconf 86' lang='lat' dir='ltr'><strong>accordance</strong></span> <span class='ocrx_word' id='word_1_278' title='bbox 682 4289 745 4342; x_wconf 84' lang='lat' dir='ltr'><strong>with</strong></span> <span class='ocrx_word' id='word_1_279' title='bbox 799 4289 838 4341; x_wconf 88' lang='lat' dir='ltr'><strong>for</strong></span> <span class='ocrx_word' id='word_1_280' title='bbox 859 4307 891 4342; x_wconf 89' lang='lat' dir='ltr'><strong>an</strong></span> <span class='ocrx_word' id='word_1_281' title='bbox 904 4299 1013 4342; x_wconf 89' lang='lat' dir='ltr'><strong>account</strong></span> <span class='ocrx_word' id='word_1_282' title='bbox 1036 4290 1065 4342; x_wconf 88' lang='lat' dir='ltr'><strong>cf</strong></span> <span class='ocrx_word' id='word_1_283' title='bbox 1081 4289 1125 4342; x_wconf 90' lang='lat' dir='ltr'><strong>the</strong></span> <span class='ocrx_word' id='word_1_284' title='bbox 1144 4291 1303 4344; x_wconf 88' lang='lat' dir='ltr'><strong>ceremonies</strong></span> 
     </span>
     <span class='ocr_line' id='line_1_37' title="bbox 241 4358 1305 4414; baseline -0.001 -1"><span class='ocrx_word' id='word_1_285' title='bbox 241 4361 286 4413; x_wconf 90' lang='lat' dir='ltr'><strong>the</strong></span> <span class='ocrx_word' id='word_1_286' title='bbox 298 4360 353 4412; x_wconf 88' lang='lat' dir='ltr'><strong>rule</strong></span> <span class='ocrx_word' id='word_1_287' title='bbox 363 4360 392 4412; x_wconf 88' lang='lat' dir='ltr'><strong>of</strong></span> <span class='ocrx_word' id='word_1_288' title='bbox 406 4359 447 4412; x_wconf 88' lang='lat' dir='ltr'><strong>his</strong></span> <span class='ocrx_word' id='word_1_289' title='bbox 458 4358 541 4412; x_wconf 87' lang='lat' dir='ltr'><strong>order.</strong></span> <span class='ocrx_word' id='word_1_290' title='bbox 566 4360 615 4411; x_wconf 86' lang='lat' dir='ltr'><strong>See</strong></span> <span class='ocrx_word' id='word_1_291' title='bbox 625 4359 745 4412; x_wconf 88' lang='lat' dir='ltr'><strong>Martene</strong></span> <span class='ocrx_word' id='word_1_292' title='bbox 799 4359 923 4414; x_wconf 85' lang='lat' dir='ltr'><strong>observed</strong></span> <span class='ocrx_word' id='word_1_293' title='bbox 936 4370 963 4412; x_wconf 86' lang='lat' dir='ltr'><strong>at</strong></span> <span class='ocrx_word' id='word_1_294' title='bbox 975 4360 1019 4412; x_wconf 89' lang='lat' dir='ltr'><strong>the</strong></span> <span class='ocrx_word' id='word_1_295' title='bbox 1038 4360 1088 4412; x_wconf 86' lang='lat' dir='ltr'><strong>last</strong></span> <span class='ocrx_word' id='word_1_296' title='bbox 1101 4360 1217 4414; x_wconf 88' lang='lat' dir='ltr'><strong>sickness</strong></span> <span class='ocrx_word' id='word_1_297' title='bbox 1231 4361 1260 4413; x_wconf 89' lang='lat' dir='ltr'><strong>of</strong></span> <span class='ocrx_word' id='word_1_298' title='bbox 1269 4379 1305 4413; x_wconf 87' lang='lat' dir='ltr'><strong>an</strong></span> 
     </span>
    </p>
   </div>
   <div class='ocr_carea' id='block_1_4' title="bbox 242 4428 1080 4501">
    <p class='ocr_par' dir='ltr' id='par_1_5' title="bbox 242 4428 1080 4501">
     <span class='ocr_line' id='line_1_38' title="bbox 242 4428 1080 4501; baseline 0.001 -18"><span class='ocrx_word' id='word_1_299' title='bbox 242 4430 404 4501; x_wconf 84' lang='lat' dir='ltr'><strong>deAntiquis</strong></span> <span class='ocrx_word' id='word_1_300' title='bbox 424 4428 613 4484; x_wconf 86' lang='lat' dir='ltr'><strong>Monacborum</strong></span> <span class='ocrx_word' id='word_1_301' title='bbox 632 4429 744 4498; x_wconf 87' lang='lat' dir='ltr'><strong>Ritibus,</strong></span> <span class='ocrx_word' id='word_1_302' title='bbox 798 4429 895 4484; x_wconf 81' lang='lat' dir='ltr'><strong>Abbot.</strong></span> <span class='ocrx_word' id='word_1_303' title='bbox 933 4429 968 4484; x_wconf 90' lang='lat' dir='ltr'><strong>V.</strong></span> <span class='ocrx_word' id='word_1_304' title='bbox 982 4429 1023 4486; x_wconf 90' lang='lat' dir='ltr'><strong>ch.</strong></span> <span class='ocrx_word' id='word_1_305' title='bbox 1039 4433 1080 4484; x_wconf 74' lang='lat'><strong>12.</strong></span> 
     </span>
    </p>
   </div>
   <div class='ocr_carea' id='block_1_5' title="bbox 0 0 1624 5154">
    <p class='ocr_par' dir='ltr' id='par_1_6' title="bbox 0 0 1624 5154">
     <span class='ocr_line' id='line_1_39' title="bbox 0 0 1624 5154; baseline 0 0"><span class='ocrx_word' id='word_1_306' title='bbox 0 0 1624 5154; x_wconf 95' lang='lat' dir='ltr'><strong> </strong></span> 
     </span>
    </p>
   </div>
  </div>
 </body>
</html>
