3240 5154
524 589 751 640 nonnsrnnlr
769 589 819 641 DE
845 591 971 643 BBLLO.
1211 581 1273 676 l55

217 741 288 826 ipso
314 740 529 804 conversionis
553 763 621 806 suae
650 739 745 805 initio
767 751 834 806 tam
856 741 1003 820 honeste,
1031 751 1097 805 tam
1127 742 1274 822 discrete,

218 853 285 906 tam
318 843 414 926 digne
442 852 476 906 et
503 843 711 906 laudabiliter
743 843 920 921 habuisset,
950 853 989 906 ut
1012 866 1086 908 eum
1115 845 1178 907 sibi
1207 869 1276 908 mo·

219 943 352 1008 nasterii
377 943 481 1030 ipsius
505 943 697 1008 universitas
722 967 875 1030 processu
895 945 1061 1030 temporie,
1088 946 1195 1032 priore
1217 969 1277 1011 suo

221 1047 387 1125 defuncte,
417 1046 547 1110 nomine
574 1057 608 1110 et
637 1046 742 1110 officio
775 1047 891 1132 prioris
917 1046 1040 1132 praefici
1069 1048 1275 1127 desideraret,

222 1148 387 1213 desideriis
410 1148 542 1234 quidem
566 1169 677 1212 eorum
700 1147 883 1212 satisfacere
906 1149 1046 1228 distulit,
1062 1173 1096 1213 se
1122 1159 1277 1234 tanquam

220 1250 390 1334 indignum
405 1260 440 1313 et
454 1259 544 1313 tanto
562 1249 653 1313 oneri
667 1249 821 1334 imparem
833 1250 1019 1329 arbitratus,
1035 1251 1135 1316 alium
1151 1253 1277 1336 dignio-

220 1372 289 1414 rem
304 1351 391 1435 eligi,
407 1351 534 1435 sibique
549 1351 712 1436 indulgeri
726 1351 913 1436 postulavit.
960 1351 1026 1417 Sed
1041 1375 1115 1418 cum
1130 1355 1278 1418 universa

221 1453 427 1538 congregatio
449 1451 495 1516 sic
521 1453 556 1516 in
581 1455 653 1538 ejus
676 1453 744 1517 fixa
766 1463 913 1517 maneret
941 1453 1111 1534 electione,
1142 1466 1181 1520 ut
1206 1479 1277 1520 eam

219 1555 253 1618 in
275 1555 439 1619 neminem
464 1565 584 1639 praeter
610 1555 717 1639 ipsum
742 1555 842 1619 vellet
867 1556 1050 1634 transferre,
1077 1557 1146 1642 ipse
1172 1559 1278 1622 virum

220 1656 438 1720 venerabilem
467 1656 674 1720 Mauriliuml
703 1667 782 1721 tunc
805 1658 960 1742 temporis
982 1657 1279 1744 Rothomagensem

221 1758 498 1844 archiepiscopum
521 1758 612 1836 adiit,
634 1771 673 1823 ut
692 1781 767 1822 eum
790 1769 946 1844 tanquam
960 1760 1066 1825 virum
1091 1762 1278 1842 discretum,

222 1883 318 1946 super
332 1883 367 1923 re
381 1860 606 1946 hujuscemodi
622 1860 702 1944 quid
723 1861 879 1946 expedire
894 1862 1070 1940 videretur,
1086 1865 1277 1930 consuleret.
1359 1919 1360 1926 ,

222 1962 494 2048 Archiepiscopus
517 1963 629 2028 audito
652 1963 871 2028 universitatis
891 1963 927 2027 in
951 1987 1026 2028 eum
1049 1987 1217 2046 consensu,
1241 1978 1280 2032 ut

222 2065 446 2149 adquiesceret
473 2064 508 2131 in
536 2064 658 2129 virtute
689 2065 884 2130 obedientiae
913 2066 976 2131 sibi
1005 2067 1163 2154 injunxit,
1190 2081 1224 2134 et
1252 2071 1279 2134 si

220 2167 305 2231 forte
330 2167 365 2232 in
388 2177 556 2254 posterum
579 2167 621 2232 ad
643 2167 758 2232 altiora
782 2171 1020 2254 promovendus
1046 2172 1198 2236 canonice
1224 2195 1280 2237 vo·

222 2280 360 2350 caretur,
386 2293 427 2334 ne
451 2269 617 2334 resisteret
639 2260 819 2355 omniqua
844 2271 955 2356 potuit
977 2273 1170 2338 auctoritate
1196 2297 1280 2358 prae-

221 2372 319 2458 cepit.
363 2371 522 2436 Accidere
536 2393 678 2456 namque
697 2371 886 2458 frequenter
903 2374 1042 2438 asseruit
1063 2384 1102 2438 ut
1122 2376 1200 2439 dum
1220 2377 1280 2440 ali-

223 2474 295 2558 quis
310 2473 412 2538 sciens
430 2483 465 2538 et
477 2485 593 2558 potens
608 2473 680 2539 aliis
695 2497 834 2560 praeesse
849 2486 949 2560 atque
963 2477 1127 2561 prodesse,
1143 2489 1277 2542 vocante

223 2598 298 2640 eum
321 2575 466 2653 ecclesia,
489 2598 556 2638 non
578 2576 766 2659 acquiescit,
794 2579 936 2641 offensus
959 2578 1122 2644 Dominus
1140 2581 1277 2664 gratiam

222 2677 286 2741 sibi
301 2699 482 2740 concessam
497 2677 670 2754 subtrahit,
689 2687 723 2740 et
737 2699 812 2741 eum
834 2679 869 2741 in
887 2679 1021 2762 aliquod
1035 2681 1156 2744 crimen
1171 2705 1277 2745 coram

222 2779 296 2842 Deo
312 2789 346 2843 et
359 2777 547 2847 hominibus
562 2779 753 2843 detestabile
768 2802 862 2844 ruere
880 2781 1051 2865 permittit.
1097 2767 1193 2845 Unde
1209 2783 1278 2847 cui·

220 2881 303 2946 libet
331 2903 445 2946 sanum
474 2880 625 2967 sapienti,
654 2881 757 2967 magis
786 2883 984 2948 attendenda
1017 2893 1067 2948 est
1100 2885 1278 2949 multorum

222 2983 400 3048 communis
427 2982 565 3062 utilitas,
592 3005 690 3069 quam
712 2985 853 3070 propria,
879 2985 957 3050 licet
979 2985 1104 3072 sibiipsi
1129 2986 1278 3052 videatur

220 3086 325 3164 utilis,
337 3086 497 3150 voluntas.

267 3187 420 3250 Pulsatus
441 3185 628 3271 hujusmodi
650 3186 902 3270 cogitationibus
920 3189 970 3252 vir
990 3190 1133 3274 prudens
1157 3200 1191 3254 et
1214 3191 1278 3255 dis·
1291 3205 1424 3245 manaa

223 3299 329 3352 cretus
360 3287 433 3351 Odo
461 3287 550 3372 prior
586 3287 836 3364 cantuariensis,
865 3289 1042 3374 plurimum
1072 3291 1276 3371 anxiebatur,
1289 3254 1391 3355 iiiiii?

224 3413 298 3454 cum
323 3389 455 3474 quidem
483 3399 550 3458 tam
579 3389 704 3452 solenni
729 3389 879 3454 electioni
909 3413 978 3454 suae
1002 3414 1067 3456 non
1096 3393 1277 3458 consentire
1290 3355 1435 3448 illim·-

222 3492 437 3578 perpenderet
455 3513 523 3554 esse
545 3489 774 3576 periculosum,
791 3493 971 3556 consentire
993 3503 1101 3558 autem
1117 3495 1276 3560 voluntati

222 3606 256 3659 et
269 3593 437 3680 proposito
453 3615 512 3657 suo
527 3603 613 3656 esset
628 3592 760 3657 omnino
775 3594 982 3660 contrarium.
1028 3596 1225 3662 Movebatur
1237 3622 1276 3663 eo

222 3695 370 3781 amplius,
386 3696 475 3780 quod
489 3695 523 3758 in
539 3694 697 3758 electione
712 3717 771 3758 sua
785 3695 956 3762 videbatur
969 3721 1105 3782 regnum
1122 3710 1155 3764 et
1174 3723 1276 3766 saeer-

222 3797 347 3862 dotium
361 3797 558 3875 convenisse,
574 3806 768 3881 procurante
783 3797 906 3863 scilieet
921 3823 991 3864 eam
1005 3824 1080 3886 rege
1094 3813 1186 3886 patre
1202 3826 1275 3866 cum

220 3921 296 3983 rege
318 3898 397 3976 filio,
420 3909 454 3962 et
482 3899 575 3983 regni
603 3899 818 3982 magnatibus,
847 3902 1087 3987 archiepiscopo
1113 3915 1278 3988 metropo-

220 4001 322 4064 litano
349 4021 422 4062 cum
451 3999 671 4084 suffraganeis,
702 4001 809 4085 priore
836 4003 934 4068 etiam
963 4005 1149 4068 monasterii
1174 4007 1275 4069 sancti

222 4100 359 4165 Martini
389 4101 428 4164 de
459 4101 554 4164 Bello
587 4125 660 4166 cum
688 4103 843 4168 fratribus
879 4127 918 4168 eo
955 4127 1063 4170 secum
1099 4107 1274 4190 perductis.

223 4204 313 4270 Quid
329 4203 430 4287 igitur
444 4203 576 4267 faceret.
623 4203 824 4288 Importunis
838 4205 983 4269 omniurn
997 4207 1157 4291 precibus,
1177 4209 1275 4273 immo

220 4307 329 4390 potius
356 4305 457 4370 divini
487 4305 612 4368 timoris
637 4306 839 4390 correptione
870 4308 998 4371 tandem
1024 4308 1179 4388 devictus,
1210 4334 1275 4376 non

551 4422 558 4453 ¹
577 4423 625 4476 See
639 4422 765 4477 Neustria
777 4423 833 4492 Pia,
845 4443 870 4496 p.
886 4429 945 4479 169.
