3260 5172
557 614 777 668 nounsrunn
803 617 852 666 ou
877 615 1000 664 anuto.
1263 591 1304 661 17

250 761 380 842 debent,
399 776 433 829 et
448 789 487 829 eo
502 767 554 829 die
582 767 806 850 unusquisque
821 765 902 828 duos
916 787 1014 849 panes
1028 784 1103 825 cum
1116 761 1203 823 bono
1218 781 1304 822 com-

249 867 386 950 panagio
400 867 519 931 habere
535 869 642 932 debet.
689 867 846 931 Similiter
861 867 901 930 ad
914 876 1006 951 prata
1025 864 1077 927 vel
1092 863 1132 926 ad
1146 860 1304 925 molendi-

250 988 329 1058 num
355 968 382 1030 si
405 971 543 1054 amplius
564 994 660 1054 quam
677 973 804 1056 justum
823 979 874 1032 est
888 969 934 1032 ire
949 989 1077 1030 necesse
1107 965 1217 1040 fuerit,
1239 985 1304 1026 non

250 1080 416 1152 cogantur,
429 1074 484 1136 sed
495 1074 598 1158 rogati
611 1075 637 1136 si
648 1082 784 1158 possunt
795 1082 879 1135 eant.
926 1069 995 1138 Qui
1006 1091 1082 1132 vero
1101 1067 1211 1152 aliquo
1220 1089 1303 1151 prae-

250 1183 424 1256 occupatus
439 1175 570 1259 negotio
585 1175 631 1238 ire
646 1174 838 1260 nequiverit,
849 1197 913 1237 non
929 1173 1003 1236 inde
1019 1181 1178 1246 causetur,
1195 1169 1304 1232 necin

248 1271 483 1338 forisfacturam
498 1278 644 1342 ducatur.
681 1277 733 1341 Eo
744 1278 842 1341 etiam
856 1286 968 1340 tenore
982 1275 1021 1338 de
1036 1272 1141 1336 brasio
1155 1270 1303 1334 faciendo

249 1375 487 1442 constitutionis
501 1378 583 1442 ratio
598 1379 737 1442 tenenda
752 1389 811 1443 est.

293 1482 449 1551 Homines
469 1499 579 1552 autem
601 1489 702 1574 ipsius
723 1489 821 1567 villae‚
838 1490 879 1552 ob
895 1489 1040 1572 ejusdem
1060 1485 1123 1549 loci
1141 1483 1303 1569 permaxi-
1315 1495 1462 1586 fflffiff

247 1607 331 1649 mam
357 1589 560 1654 excellentiae
586 1591 786 1675 dignitatem,
810 1590 994 1672 Burgenses
1022 1597 1186 1650 vocantur.
1233 1585 1402 1686 Qui‘gptusspf

248 1709 321 1752 cum
336 1691 376 1752 ab
387 1693 461 1776 jure
478 1692 760 1756 consuetudinario
774 1691 808 1754 in
823 1691 932 1774 aliquo
947 1687 1153 1766 deviaverint,
1165 1698 1199 1751 et
1209 1686 1302 1750 foris-

249 1789 374 1854 factura
387 1793 435 1856 rei
449 1793 484 1856 in
498 1793 759 1878 placitum-ducti
772 1793 905 1871 fuerint,
921 1791 1075 1856 ventilata
1089 1813 1183 1854 causa
1196 1811 1301 1853 coram

249 1892 365 1956 abbate
380 1905 437 1958 aut
450 1895 624 1973 monachis
636 1919 693 1960 seu
704 1896 858 1959 ministris
872 1895 1001 1958 illorum
1010 1892 1156 1970 convicti,
1168 1912 1301 1954 consue-

250 1994 363 2056 tudine
378 1995 478 2079 regali
494 1997 533 2059 de
549 1997 786 2080 quinquaginta
800 1996 909 2060 solidis
923 2017 983 2079 pro
994 1993 1216 2081 emendatione
1228 2015 1302 2076 per-

250 2093 408 2159 solvendis
423 2096 457 2159 in
477 2097 693 2160 misericordia
706 2097 909 2182 praesidentis
922 2094 1139 2159 vadimonium
1155 2095 1300 2156 dabunt.¹

250 2195 411 2261 Veniente
436 2209 545 2262 autem
570 2200 687 2262 abbate
710 2198 836 2264 noviter
855 2199 896 2262 ad
909 2197 1052 2280 regimen
1067 2195 1218 2272 abbatiae,
1242 2217 1302 2279 pro

249 2296 454 2364 libertatibus
479 2300 545 2364 suis
570 2302 745 2386 burgenses
775 2301 918 2388 ejusdem
944 2299 1007 2362 loci
1033 2297 1141 2362 abbati
1170 2307 1302 2362 centurn

249 2400 366 2464 solidos
379 2402 571 2486 persolvent.

291 2501 458 2568 Hactenus
474 2505 513 2568 de
529 2505 668 2591 hisquae
684 2506 724 2569 ad
737 2504 846 2570 villam
864 2505 1029 2590 pertinent
1041 2503 1299 2588 perstrinximus·
1313 2510 1385 2601 3033*
1401 2510 1444 2550 “⁰¹¹

249 2602 346 2668 Nunc
361 2606 402 2669 ad
416 2629 454 2670 ea
470 2630 544 2693 quae
560 2619 636 2671 sunt
650 2618 744 2671 extra
752 2607 860 2671 villam
874 2608 957 2672 infra
977 2608 1105 2690 leugam
1119 2606 1301 2669 describen-
1313 2611 1385 2712 {¹52¹}
1394 2612 1430 2650 ‘¹¹⁸

248 2706 289 2768 da
302 2708 475 2774 veniamus.
521 2711 592 2775 Nec
606 2719 756 2775 causetur
770 2710 951 2794 quisquam,
977 2708 1065 2792 quod
1090 2708 1184 2772 aliter
1204 2729 1301 2790 quam

247 2807 282 2870 in
295 2807 378 2872 libro
406 2811 490 2895 regis
505 2813 700 2888 continetur,
716 2835 775 2876 nos
792 2822 892 2875 terras
914 2821 948 2874 et
974 2809 1127 2874 terminos
1155 2809 1300 2894 ejusdem

248 2908 352 2993 leugae
380 2913 650 2999 descripserimus.
697 2913 892 2998 Antiquitus
920 2913 1008 2976 enim
1036 2923 1132 2976 terrae
1156 2911 1301 2996 ejusdem

247 3009 363 3095 leugae,
387 3001 657 3098 quemadmodum
685 3015 720 3078 in
748 3015 885 3100 praefato
909 3015 994 3098 regis
1016 3013 1100 3078 libro
1130 3012 1300 3096 descriptae

248 3125 333 3190 sunt,
360 3115 598 3194 dividebantur,
624 3139 710 3180 nunc
732 3128 841 3180 autem
861 3116 1108 3181 succedentibus
1128 3115 1300 3179 abbatibus

245 3225 344 3297 prout
359 3216 405 3279 eis
419 3217 534 3282 melius
550 3219 655 3281 visum
669 3228 728 3294 est,
744 3219 785 3280 ab
802 3217 921 3281 eisdem
944 3218 1054 3280 divisae
1076 3227 1162 3280 sunt.
1208 3216 1300 3279 Divi·

247 3315 335 3378 ditur
354 3317 457 3400 igitur
480 3319 576 3403 leuga
599 3342 658 3404 per
681 3319 798 3395 wistas,
823 3342 897 3403 quae
921 3320 992 3382 aliis
1016 3319 1049 3380 in
1074 3319 1153 3381 locis
1167 3318 1298 3401 virgatae

246 3427 411 3482 vocantur.
673 3495 677 3500 ¹

288 3517 329 3582 In
359 3519 544 3585 Uccheham
573 3532 650 3586 sunt
678 3533 742 3585 tres
775 3522 876 3586 wistae
900 3522 934 3585 in
958 3521 1109 3586 dominio.
1156 3519 1241 3584 Item
1263 3521 1298 3584 in

245 3619 430 3685 Uccheham
453 3633 529 3687 sunt
553 3634 692 3710 quatuor
714 3625 815 3688 wistae
838 3635 871 3688 et
895 3623 1037 3702 dimidia,
1063 3646 1200 3708 quarum
1223 3647 1297 3708 pos-

242 3745 378 3802 sessores
409 3725 448 3788 de
472 3748 667 3810 unaquaque
697 3725 832 3810 singulis
861 3727 952 3790 annis
979 3736 1045 3790 tres
1076 3725 1194 3789 solidos
1223 3749 1296 3810 per·

242 3825 376 3903 solvent,
404 3837 438 3890 et
462 3839 577 3912 quarta
604 3829 779 3893 ebdomada
808 3838 876 3892 tota
900 3851 993 3893 omne
1020 3851 1101 3913 opus
1132 3827 1220 3911 quod
1249 3829 1295 3891 eis

242 3925 422 4011 injungitur
434 3930 611 4013 perficient.
658 3930 801 3994 Sabbato
815 3953 891 3994 vero
905 3953 979 3998 cum
994 3952 1080 4012 equo
1092 3953 1151 3992 suo
1166 3951 1231 4013 quo
1248 3929 1294 3992 eis

242 4027 423 4113 injungitur
445 4042 592 4116 pergent.
1082 4028 1084 4033 ’

277 4235 285 4266 ¹
298 4235 372 4306 Finy
384 4237 470 4290 shillin
522 4239 678 4292 constituted
696 4240 741 4294 the
788 4239 830 4294 ble
842 4239 901 4306 fine,
914 4235 1032 4308 imposed
1043 4245 1070 4289 st
1088 4235 1132 4288 the
1151 4235 1290 4288 discretiori

240 4303 380 4373 forfaiture,
392 4323 467 4359 aecor
487 4307 530 4377 'ng
540 4317 568 4360 to
583 4308 628 4360 the
639 4309 701 4362 lsws
714 4311 744 4363 of
789 4310 819 4361 of
848 4309 893 4361 the
923 4307 1031 4375 judge;
1066 4305 1159 4358 nrulcta
1202 4305 1289 4372 lenior,

239 4373 361 4442 Wessex,
374 4375 413 4428 for
422 4394 438 4428 e
448 4375 543 4430 breach
553 4377 582 4430 of
591 4378 635 4430 the
645 4378 740 4448 King's
789 4378 885 4449 Spelm.
923 4377 987 4429 This
1000 4392 1106 4445 passage
1115 4375 1236 4428 confirms
1245 4375 1290 4427 the

239 4459 326 4512 peace.
361 4445 539 4499 Misericordia
551 4465 603 4501 was
624 4449 740 4502 avariu-
789 4444 1289 4516 correctnessofDuOarrge’sdefinition.

1144 4554 1163 4596 C
