3240 5154
552 575 776 627 MONASTERII
802 575 852 626 DE
877 573 1002 626 Bruto.
1236 563 1299 623 125

248 727 474 792 Mendlesham
488 727 539 790 sui
550 727 634 813 juris
646 749 726 803 esse,
742 736 813 790 tmn
828 726 955 804 litteris,
969 735 1040 788 tum
1053 724 1124 788 viva
1138 723 1302 808 loquentis

247 829 356 893 nuntii
376 851 453 893 voce
475 829 602 892 studuit
621 829 757 912 signare,
778 827 932 912 prudenti
948 848 1122 912 procurans
1137 826 1301 903 instantia,

248 954 289 995 ne
313 930 507 1015 saepedictus
531 929 656 993 Alanus
688 952 746 992 seu
776 930 850 1014 quis
878 929 960 992 alius
990 939 1084 990 extra
1110 949 1302 990 consensum

249 1056 345 1097 suum
373 1033 408 1095 in
430 1033 563 1096 eandem
590 1031 755 1094 ecclesiam
779 1031 1004 1094 admitteretur
1029 1051 1088 1114 per
1115 1029 1302 1113 episcopum

248 1134 477 1199 instituendus.
523 1133 686 1196 Utebatur
701 1155 777 1216 ergo
792 1131 919 1195 Alanus
940 1130 1146 1194 institutione
1160 1131 1301 1214 propria,

249 1258 308 1298 nec
342 1237 384 1298 ad
419 1235 670 1298 renuntiandum
700 1234 832 1320 injustae
865 1233 1058 1319 possessioni
1097 1232 1302 1317 aliquatenus

249 1337 421 1400 consensit.

291 1438 448 1502 Redeunt
461 1438 586 1502 interea
600 1438 639 1501 de
653 1438 870 1502 transmarinis
884 1438 994 1502 nuntii
1009 1436 1145 1514 abbatis,
1157 1459 1302 1522 praecep-

248 1549 319 1604 tum
334 1540 461 1625 regium
476 1540 518 1603 ad
531 1541 624 1624 regni
635 1540 783 1626 justicias
798 1539 991 1616 deferentes,
1009 1562 1074 1623 quo
1090 1560 1186 1623 super
1201 1539 1302 1602 eccle-

249 1642 296 1705 sia
325 1643 364 1706 de
392 1641 619 1705 Mendlesham
644 1641 754 1705 abbati
775 1642 815 1704 de
843 1640 937 1704 Bello
963 1641 1103 1725 justitiae
1132 1639 1302 1725 plenitudo

250 1743 454 1808 exhibeatur.
486 1743 566 1806 Dies
586 1743 741 1828 locusque
757 1743 845 1828 apud
859 1742 1063 1806 Wintoniam
1083 1743 1173 1827 regia
1192 1753 1302 1806 aucto·

249 1845 346 1908 ritate
369 1845 479 1908 abbati
502 1855 536 1908 et
559 1844 666 1908 Alauo
694 1845 859 1923 statuitur,
882 1854 921 1908 ut
942 1845 983 1908 ad
1008 1845 1105 1908 unius
1130 1845 1301 1924 actionem,

250 1945 448 2029 alteriusque
471 1945 697 2030 objectionem,
712 1947 856 2009 veritatis
870 1946 995 2030 plenior
1011 1946 1104 2009 lieret
1121 1947 1301 2030 inquisitio.

251 2047 374 2111 Actum
395 2057 443 2110 est
464 2046 526 2110 hoc
547 2047 738 2110 auctoritate
759 2049 859 2132 regia,
871 2049 922 2127 ,ad
936 2048 1058 2112 nullius
1074 2059 1181 2114 tamen
1204 2049 1304 2112 ecole-

251 2148 371 2212 siastici
396 2149 480 2234 juris
506 2148 710 2232 dignitatisve
736 2149 977 2228 detrimentum,
1002 2149 1125 2235 quippe
1148 2173 1222 2214 cum
1242 2150 1303 2214 hoc

252 2251 357 2314 solum
378 2249 468 2313 curia
488 2249 578 2334 regia
597 2249 730 2313 duceret
749 2250 990 2335 inquirendum,
1014 2253 1107 2338 cujus
1128 2263 1304 2338 praesenta·

252 2353 341 2416 tione
363 2352 451 2416 idem
471 2351 597 2416 Alanus
614 2351 649 2415 in
665 2352 831 2416 ecclesiam
853 2354 893 2417 de
911 2353 1137 2418 Mendlesham
1151 2354 1186 2417 in
1201 2354 1303 2418 fundo

251 2455 341 2539 regio
367 2455 471 2533 sitam,
502 2477 521 2518 a
545 2455 834 2539 praedecessoribus
863 2455 965 2542 ipsius
994 2456 1116 2520 domini
1145 2456 1241 2540 regis,
1271 2466 1305 2518 et

253 2579 286 2620 se
308 2556 503 2620 monasterio
527 2556 567 2620 de
584 2556 679 2620 Bello
703 2580 883 2620 concessam
905 2568 938 2620 et
953 2557 1182 2634 confirmatam,
1205 2558 1307 2621 fuerit

252 2657 434 2722 institutus.
480 2657 657 2722 Constabat
688 2658 773 2722 enim
811 2681 887 2722 eum
918 2659 1041 2721 nullius
1069 2659 1132 2721 nisi
1164 2670 1222 2722 aut
1251 2660 1307 2722 do-

253 2759 335 2823 mini
356 2759 452 2844 regis,
477 2769 631 2842 tanquam
655 2759 778 2824 domini
800 2759 906 2837 fundi,
930 2769 988 2822 aut
1013 2760 1243 2823 monachorum
1266 2761 1306 2823 de

254 2860 359 2939 Bello,
376 2861 495 2944 quibus
516 2861 587 2946 ipsa
608 2860 741 2924 ecclesia
760 2861 849 2946 regia
862 2861 1033 2945 largitione
1056 2861 1217 2944 assignata
1238 2884 1307 2924 esse

254 2963 442 3042 dinoscitur,
467 2963 596 3026 institui
619 2963 734 3026 debere
757 2963 1019 3048 praesentatione.
1063 2963 1169 3028 Adest
1194 2963 1247 3027 die
1273 2974 1448 3027 etmaaaen

254 3063 325 3128 loco
350 3065 563 3128 determinato
586 3075 748 3148 superstes
775 3064 891 3142 adhuc,
921 3067 1015 3151 cujus
1048 3065 1196 3152 superius
1221 3033 1472 3136 factaiiiiiii‹1ie·⁹l’re

255 3177 305 3229 est
341 3166 475 3243 mentio,
505 3167 672 3230 Robertus
707 3166 924 3252 Philosophus
962 3168 1047 3232 vices
1080 3168 1206 3232 abbatis
1239 3168 1308 3232 illic

255 3264 408 3342 adversus
437 3262 581 3326 Alanum
618 3263 741 3326 ibidem
770 3274 848 3327 tunc
878 3265 975 3327 etiam
1003 3275 1197 3349 praesentem
1230 3287 1308 3328 exe-

256 3375 400 3429 cuturus.
453 3363 530 3431 Quo
552 3365 587 3427 in
615 3364 788 3448 praesentia
812 3366 1018 3450 justiciamm
1039 3369 1095 3451 jus
1123 3367 1308 3428 monasterii

256 3467 358 3532 sancti
378 3466 516 3530 Martini
537 3467 576 3530 de
598 3466 693 3530 Bello
714 3479 910 3552 exponente,
933 3477 966 3531 et
986 3489 1082 3552 super
1097 3467 1197 3531 Alani
1220 3468 1308 3532 inva-

256 3569 378 3634 sionem
407 3580 635 3653 conquerente,
671 3568 797 3632 Alanus
826 3569 979 3646 renitens,
1009 3581 1111 3633 cartas
1142 3593 1224 3654 quas
1253 3571 1308 3634 ab·

165 3705 169 3710 ¹
255 3673 339 3736 batis
370 3671 532 3736 Warnerii
564 3671 693 3736 nomine
722 3682 917 3757 praenotatas
951 3672 1197 3736 memoravimus
1225 3695 1310 3758 prae·

255 3775 371 3851 tendit,
398 3797 497 3859 seque
521 3796 564 3837 ex
587 3774 690 3859 ipsius
716 3774 842 3838 abbatis
864 3774 942 3838 dum
965 3774 1070 3838 adhuc
1092 3775 1213 3839 viveret
1234 3799 1310 3838 con-

257 3898 353 3938 sensu
367 3875 434 3938 illic
448 3875 622 3938 admissum
637 3898 705 3938 esse
721 3876 866 3940 asseruit.
912 3876 1007 3940 Licet
1021 3877 1121 3959 igitur
1137 3877 1309 3959 diligenter

256 3976 461 4040 intuentibus
479 3975 585 4059 palam
605 3986 689 4039 esset
709 3988 811 4040 cartas
831 3977 916 4060 ipsas
940 3988 1053 4040 notam
1078 3976 1228 4040 falsitatis
1252 3977 1309 4041 ha-

256 4079 344 4155 bere,
368 4087 438 4139 erat
452 4087 560 4140 tamen
580 4077 724 4140 omnium
742 4078 800 4159 qui
824 4078 957 4140 aderant
971 4077 1123 4140 unanime
1138 4077 1308 4142 consilium

257 4191 290 4244 et
304 4179 480 4266 persuasio,
496 4190 535 4242 ut
554 4177 720 4241 hincinde
743 4179 852 4261 potius
874 4179 1029 4243 ducerent
1052 4181 1309 4264 componendum

258 4304 356 4367 quam
378 4279 583 4364 litigandum.
630 4278 774 4342 Consilio
799 4292 832 4343 et
856 4280 1015 4344 voluntati
1046 4281 1310 4366 persuadentium

257 4407 330 4469 pars
341 4396 479 4468 utraque
500 4379 670 4458 consentit,
687 4380 797 4464 sicque
815 4382 856 4446 ab
873 4381 1002 4448 arbitris
1014 4383 1108 4448 datur
1126 4381 1311 4470 hujusmodi
