3278 5162
544 523 767 578 uorrsrrun
793 524 842 576 mr
866 523 993 575 narro.
1226 503 1291 575 107

233 684 421 754 conventus,
445 685 480 739 et
501 697 560 760 per
574 674 736 753 comitem,
754 673 985 751 vicecomitem,
1001 671 1152 735 abbatem
1166 680 1201 734 et
1215 693 1290 736 suos

233 778 421 862 requisitus,
444 799 504 862 per
518 777 696 862 plurimum
710 786 839 861 tempus
853 784 960 838 actum
976 772 1185 857 subterfugit,
1200 782 1235 836 et
1248 795 1290 838 ne

235 879 423 944 conflictum
446 879 546 943 iniret
570 877 795 962 multipliciter
827 875 1049 941 dissimulavit.
1095 873 1192 938 Unde
1214 875 1293 938 licet

234 981 414 1066 plurimum
447 981 604 1066 temporis
633 1003 720 1044 casso
757 981 867 1044 labore
897 985 1151 1056 consumeretur,
1185 977 1294 1041 noluit

236 1094 345 1147 tamen
370 1084 470 1148 abbas
495 1083 612 1168 coeptis
637 1083 802 1160 desistere,
830 1082 888 1146 sed
910 1080 1077 1145 dominum
1096 1101 1207 1164 regem
1220 1089 1293 1142 tum

235 1207 295 1270 per
320 1208 366 1264 se,
386 1195 458 1249 tum
478 1207 538 1270 per
564 1207 638 1248 suos
664 1206 751 1269 saepe
777 1183 981 1261 conveniens,
1005 1193 1044 1247 ut
1059 1204 1155 1247 causa
1173 1181 1292 1266 ipsein

236 1273 358 1352 curiam
379 1287 501 1371 regiam
525 1286 753 1350 transferretur
782 1286 913 1350 tandem
942 1283 1095 1350 obtinuit.
1141 1283 1207 1348 Sed
1235 1284 1293 1348 do·

235 1389 323 1453 mino
349 1411 424 1473 rege
448 1409 536 1452 nunc
564 1387 601 1452 in
624 1387 858 1453 Normanniam
877 1387 1117 1463 transfretante,
1146 1407 1233 1448 nunc
1257 1385 1294 1449 in

235 1489 389 1575 Angliam
411 1491 581 1569 redeunte,
607 1489 814 1574 negotiisque
839 1487 980 1574 propriis
1007 1487 1188 1564 insistente,
1218 1509 1293 1550 cum

235 1615 332 1657 causa
355 1593 468 1656 eadem
481 1614 588 1655 coram
607 1591 748 1677 justiciis
771 1591 830 1676 qui
852 1591 922 1653 vice
947 1589 1032 1674 regis
1054 1589 1090 1652 in
1114 1589 1185 1674 ejus
1205 1588 1294 1652 curia

235 1693 455 1778 praesidebant
469 1692 593 1756 diutius
607 1692 829 1770 ventilaretur,
855 1691 932 1754 licet
953 1713 1014 1754 rex
1033 1712 1120 1754 nunc
1135 1690 1294 1754 mandatis

237 1817 326 1858 nunc
345 1795 519 1880 praeceptis
542 1795 653 1859 abbati
675 1795 913 1880 plenitudinem
931 1792 1072 1878 justitiae
1095 1793 1294 1878 frequentis-

238 1897 317 1962 sime
338 1897 502 1961 indiceret
516 1896 676 1976 exhiberi,
697 1919 866 1980 nunquam
886 1906 993 1960 tamen
1007 1917 1059 1960 res
1072 1895 1170 1979 digno
1183 1897 1295 1980 potuit

239 1999 305 2062 fine
327 1999 485 2063 concludi.
538 1998 682 2062 Domino
701 2022 778 2083 rege
798 1999 930 2062 tandem
949 1997 1038 2082 apud
1058 1996 1293 2061 Clarendonam
1305 2021 1458 2084 remmam

235 2100 515 2179 moramfaciente,
531 2110 606 2185 post
615 2101 719 2165 multa
730 2103 871 2165 adversae
882 2101 984 2186 partis
998 2099 1210 2184 subterfugia,
1220 2112 1294 2185 post
1305 2072 1407 2212 ἓξὲξ

239 2201 510 2266 dissimulationes
538 2203 704 2288 plurimas,
733 2213 808 2288 post
830 2203 956 2267 abbatis
983 2212 1017 2266 et
1036 2175 1432 2286 suorumfatiga-ladnll...

238 2306 343 2370 tiones
353 2305 570 2382 multimodas,
586 2305 717 2390 utrique
724 2305 810 2390 parti
823 2305 911 2390 regia
921 2305 1077 2370 indicitur
1091 2306 1294 2384 auctoritate,
1306 2274 1451 2328 mm

239 2409 279 2472 ut
294 2408 346 2472 die
364 2407 588 2484 determinato,
612 2407 702 2491 regio
716 2407 873 2472 tribunali
888 2409 976 2493 apud
989 2408 1097 2472 locum
1110 2408 1295 2492 praefatum,

240 2509 308 2572 sine
324 2509 412 2574 omni
427 2509 630 2593 subterfugio
640 2520 674 2573 et
684 2509 937 2574 dissimulatione
953 2511 1093 2574 debeant
1106 2510 1228 2594 pariter
1247 2531 1296 2572 as-

240 2611 362 2676 sistere.
391 2609 475 2674 Cum
489 2611 591 2694 igitur
605 2612 808 2675 excusationi
815 2613 884 2696 jam
894 2611 984 2675 locus
999 2633 1065 2674 non
1080 2621 1174 2688 esset,
1184 2621 1296 2674 assunt

240 2712 408 2796 utrinque,
434 2712 564 2776 domino
589 2735 665 2796 rege
689 2735 749 2797 pro
774 2712 932 2776 tribunali
957 2713 1128 2776 residente.
1174 2712 1446 2825 Astantdiiw'

169 2889 174 2898 1
239 2814 275 2877 in
297 2814 403 2878 medio
427 2835 512 2877 unus
527 2836 571 2878 ex
584 2814 749 2882 monachis
763 2815 889 2878 abbatis
905 2813 1091 2878 Osmundus
1105 2813 1245 2893 nomine,
1262 2827 1297 2878 et

242 2915 359 2980 Petrus
383 2916 422 2980 de
440 2915 550 2980 Chriel
572 2916 675 2993 miles,
702 2917 759 3002 qui
784 2918 825 2980 ab
849 2917 944 2980 initio
968 2917 1070 2981 totius
1094 2913 1200 2980 causae
1214 2917 1296 2980 inci-

239 3017 377 3102 pientes,
404 3017 543 3102 qualiter
562 3018 717 3102 jamdicta
731 3029 817 3082 terra
831 3019 871 3082 de
887 3018 1106 3097 Bernehorne,
1132 3041 1176 3082 ex
1204 3029 1296 3103 parte

239 3119 340 3182 fuerit
368 3119 512 3182 ecclesiae
536 3119 638 3182 sancti
666 3119 804 3183 Martini
833 3122 873 3184 de
904 3120 999 3185 Bello
1027 3121 1112 3196 data,
1136 3143 1178 3184 ex
1204 3131 1295 3204 parte

240 3229 434 3304 comparata,
465 3219 605 3303 qualiter
626 3221 833 3304 postmodum
861 3222 978 3299 ablata,
1006 3243 1175 3305 quousque
1199 3222 1297 3286 etiam

235 3324 305 3408 jam
319 3343 379 3406 per
391 3321 570 3405 plurimum
584 3330 711 3406 tempus
725 3332 800 3406 post
819 3321 888 3385 litis
908 3323 1087 3408 ingressum
1101 3333 1297 3388 transactum

238 3445 424 3510 processum
439 3423 481 3486 sit
494 3422 529 3486 in
544 3444 649 3500 causa,
665 3445 772 3486 coram
785 3446 861 3508 rege
877 3434 911 3488 et
934 3425 1005 3510 ejus
1022 3423 1233 3488 assessoribus
1254 3449 1297 3490 ex

241 3526 353 3590 ordine
376 3534 611 3611 exposuerunt,
627 3526 782 3611 conqueri
798 3527 895 3590 etiam
910 3527 1098 3613 adjicientes
1112 3549 1210 3612 super
1222 3528 1297 3612 plu-

240 3628 322 3692 rima
336 3639 371 3693 et
388 3627 594 3713 dispendiosa
607 3628 731 3713 negotii
746 3629 910 3708 dilatione,
923 3641 957 3694 et
970 3631 1096 3695 abbatis
1111 3653 1148 3694 ac
1164 3653 1296 3696 suorum

240 3730 404 3815 frequenti
419 3740 453 3794 et
466 3729 555 3794 inani
570 3730 771 3814 fatigatione.
818 3732 902 3797 Cum
920 3733 1022 3817 igitur
1032 3735 1101 3818 jam
1114 3733 1197 3796 nihil
1212 3745 1296 3798 esset

240 3833 275 3896 in
291 3855 357 3916 quo
370 3831 585 3898 recordationi
598 3834 832 3917 prosecutionis
848 3857 952 3898 causae
967 3835 1070 3918 possit
1088 3835 1205 3898 merito
1220 3857 1296 3898 con-

241 3933 366 4012 tradici,
393 3933 482 3998 curia
503 3933 593 4016 regia
615 3933 650 3998 in
674 3936 822 3999 omnibus
845 3935 1068 3999 testimonium
1092 3935 1295 4019 perhibente,

241 4057 285 4101 ex
307 4034 393 4118 regis
416 4034 626 4118 permissione
650 4036 804 4120 leguntur
818 4037 853 4100 in
868 4037 1012 4100 omnium
1026 4036 1192 4100 audientia
1206 4060 1297 4121 cyro-

240 4135 363 4221 grapha
384 4133 558 4219 emptionis
584 4146 618 4199 et
647 4136 840 4215 donationis,
867 4138 924 4200 sed
949 4147 983 4199 et
1005 4147 1101 4200 cartae
1128 4139 1297 4204 confinna-

241 4239 378 4303 tionum.
411 4237 627 4304 Quibuscum
643 4238 723 4322 quid
736 4239 945 4323 responderet
958 4259 1032 4322 pars
1047 4239 1177 4302 adversa
1190 4239 1298 4308 minus

241 4341 387 4421 haberet,
400 4341 591 4407 Gilebertus
602 4341 641 4406 de
652 4339 772 4405 Baillol
781 4365 821 4406 ne
833 4341 915 4430 nihil
924 4341 1063 4427 objicere
1074 4341 1248 4420 videretur,
1262 4367 1296 4406 se
