3278 5162
478 571 481 577 ⁴
532 576 755 632 MONASTERII
777 579 826 629 Du
851 578 978 630 BELLO.'
1242 567 1282 628 65

228 744 297 789 sese
323 725 497 791 ultroneus
518 752 602 792 anno
629 729 715 792 xiiii⁰
738 751 781 792 ex
808 751 873 812 quo
904 725 1043 790 abbatiae
1066 725 1284 808 gubernacula

229 838 410 912 sumpserat
423 828 464 891 ab
480 830 568 892 omni
583 852 660 892 cura
673 829 871 915 praelationis
887 827 1027 904 demisit,
1039 827 1149 910 sicque
1165 826 1284 890 suimet

230 928 391 992 duntaxat
406 952 515 993 euram
529 930 652 994 habens
667 931 708 994 ad
723 929 825 994 sancti
842 928 1005 994 Pancratii
1027 927 1182 1011 religione
1206 927 1283 992 satis
1316 1015 1317 1018 Ἴ
1389 951 1397 964 ·

228 1030 405 1114 spectabile
432 1032 673 1110 monasterium,
706 1033 741 1094 in
771 1029 937 1094 Leuuensi
967 1029 1067 1092 situm
1088 1039 1202 1108 castro,
1234 1053 1283 1092 se-

135 1185 139 1190 .
230 1131 336 1210 cessit,
373 1132 485 1216 ibique
508 1133 549 1196 ad
572 1147 675 1217 usque
702 1133 812 1197 obitus
844 1131 895 1198 sui
923 1131 1008 1194 diem
1033 1131 1183 1214 religiose
1210 1155 1283 1216 per·

230 1233 357 1297 mansit.
494 1227 495 1230 ¹

145 1319 148 1325 ⁵
274 1333 372 1397 Anno
397 1357 472 1399 vero
498 1335 548 1399 M.
582 1359 609 1400 c.
633 1337 780 1401 xxx⁰ix⁰.
805 1335 1046 1400 humanationis
1069 1334 1206 1398 Deificae
1234 1337 1285 1400 in·
1298 1339 1414 1424 fflffi·

231 1435 376 1514 choante,
408 1438 563 1501 continuo
592 1449 667 1523 post
689 1438 807 1502 Natale
832 1437 978 1514 Domini,
1007 1447 1201 1500 memoratus
1225 1461 1285 1500 rex
1298 1437 1401 1536 ffiefff·

233 1536 416 1622 Stephanus
432 1540 520 1624 apud
536 1538 753 1616 Cantuariam,
776 1539 898 1622 reginae
914 1561 981 1600 suae
1006 1547 1042 1599 et
1061 1537 1210 1622 praedicti
1226 1537 1287 1600 Al·
1298 1534 1376 1574 Abba·

229 1639 330 1702 berici
355 1641 455 1724 legati
480 1663 606 1704 necnon
632 1651 666 1704 et
692 1640 895 1725 quorrmdam
924 1639 1082 1702 baronum
1115 1639 1207 1722 regni
1236 1639 1287 1702 sui

230 1761 308 1804 usus
323 1741 466 1818 consilio,
483 1741 646 1804 abbatiam
661 1742 700 1804 de
717 1741 811 1804 Bello
827 1740 955 1804 cuidam
969 1739 1125 1803 monacho
1141 1741 1181 1802 de
1197 1739 1287 1804 Lun-

230 1839 316 1924 legio
331 1843 543 1906 transmarino
552 1843 701 1907 Waltero
716 1843 858 1922 nomine,
873 1842 966 1906 fratri
977 1843 1144 1928 cujusdam
1158 1842 1287 1906 baronis

181 1965 184 1968 ·
230 1943 323 2026 regni
346 1945 558 2028 praepotentis
574 1944 709 2008 Ricardi
724 1954 937 2027 cognomento
952 1944 991 2006 de
1006 1943 1101 2026 Luci,
1126 1967 1288 2010 commen-

230 2044 329 2107 davit.
375 2045 441 2108 Hic
465 2069 541 2130 ergo
563 2047 736 2130 prudentia
753 2045 856 2108 multa
875 2067 910 2108 ac
931 2045 1098 2130 sapientia,
1114 2068 1240 2109 necnon
1255 2057 1289 2110 et

232 2145 429 2229 eloquentiae
445 2158 643 2225 ornamento,
662 2147 861 2231 litteralique
877 2169 913 2210 ac
929 2147 1064 2210 seculari
1079 2148 1205 2232 argutia
1218 2149 1289 2233 pol-

232 2246 312 2326 lens,
343 2271 416 2311 cum
445 2249 561 2312 abbate
591 2249 693 2312 sancti
718 2248 841 2312 Albani
868 2258 1003 2332 cognato
1027 2272 1085 2313 suo
1113 2249 1289 2314 Gausfrido

232 2349 361 2412 nomine
387 2349 577 2434 aliquandiu
606 2351 641 2413 in
671 2349 793 2434 Anglia
828 2363 997 2430 manserat,
1035 2351 1208 2436 fratrisque
1238 2353 1289 2417 sui

232 2450 391 2514 industria
411 2452 532 2536 regiam
555 2453 771 2536 cognitionem
794 2463 827 2516 et
847 2476 1018 2537 procerum
1038 2453 1181 2517 favorem
1203 2455 1289 2519 obti-

231 2563 356 2616 nuerat.
402 2553 467 2616 Die
495 2553 595 2638 igitur
621 2554 666 2616 vi0
687 2555 801 2618 iduum
832 2554 978 2618 Januarii
1002 2554 1134 2633 electus,
1160 2556 1290 2618 demum
1301 2580 1349 2618 un.
1360 2584 1380 2618 s.

232 2677 307 2718 cum
330 2654 452 2717 honore
479 2655 600 2732 debito,
626 2655 799 2718 comitante
822 2655 972 2740 episcopo
998 2654 1192 2719 Cicestrensi
1217 2657 1290 2719 Sei-

232 2757 329 2836 frido,
351 2757 437 2842 apud
454 2757 620 2820 ecclesiam
632 2757 720 2820 Belli
734 2757 769 2822 ii.
785 2758 859 2821 idus
874 2756 896 2819 J
896 2757 1020 2820 anuarii
1033 2767 1082 2820 est
1096 2769 1274 2844 susceptus.
1302 2784 1350 2824 ran.
1363 2788 1393 2822 n.

161 2852 162 2855 ¹
277 2857 480 2922 Praelationis
508 2882 583 2943 ergo
609 2869 800 2923 consecutus
835 2859 969 2944 apicem,
992 2859 1093 2943 coepit
1115 2861 1293 2944 prudenter

233 2960 377 3024 ecclesiae
392 2960 595 3045 profectibus
609 2961 699 3025 intus
714 2972 748 3025 et
764 2971 859 3024 extra
872 2961 1049 3045 invigilare.
1085 2960 1132 3024 Et
1147 2963 1293 3046 quamvis

234 3072 313 3126 tunc
328 3063 482 3147 temporis
497 3063 726 3128 dissidentibus
742 3064 827 3126 inter
848 3085 880 3126 se
901 3062 1089 3148 proceribus
1105 3065 1207 3147 regni,
1225 3075 1294 3128 tota

234 3164 379 3247 undique
400 3163 515 3247 patriae
540 3163 672 3227 libertas
707 3174 740 3226 et
755 3165 932 3248 opulentia,
961 3165 1230 3228 conturbantibus
1256 3189 1292 3228 ac

233 3264 488 3328 distrahentibus
509 3263 683 3340 malevolis,
710 3266 768 3348 qui
792 3265 880 3348 regia
903 3265 1122 3328 abutebantur
1154 3266 1294 3350 simplici

234 3366 494 3442 mansuetudine,
511 3388 614 3429 scaevo
630 3366 781 3450 exemplo
799 3389 858 3450 pro
878 3366 977 3429 libitu
992 3366 1137 3443 cederet3
1159 3367 1229 3451 ipse
1245 3377 1294 3430 ta·

233 3467 308 3531 rnen
320 3476 353 3530 et
364 3468 508 3532 ecclesiae
520 3467 685 3531 thesauros
697 3477 861 3552 terrasque
870 3491 907 3530 ac
918 3467 1095 3545 libertates,
1105 3468 1293 3552 regalesque

234 3571 485 3634 consuetudines
515 3570 621 3634 eidem
660 3569 833 3654 delegatas,
875 3570 960 3634 inter
989 3579 1096 3633 tantos
1125 3571 1294 3634 turbinum

235 3669 354 3736 fluctus
369 3672 571 3736 inviolabiles
587 3673 704 3736 servari
719 3671 857 3736 viriliter
872 3672 1050 3735 insistebat.
1076 3671 1147 3736 Nec
1162 3673 1192 3736 ei
1208 3696 1294 3736 sum-

234 3796 287 3836 ma
299 3773 404 3837 defuit
417 3774 530 3858 pietas,
546 3775 624 3838 dum
638 3797 748 3858 regem
767 3774 898 3837 omnino
916 3773 979 3858 ipsi
994 3783 1028 3836 et
1040 3773 1102 3837 sibi
1117 3763 1296 3839 commissae

235 3875 378 3938 ecclesiae
389 3875 542 3938 devotum
557 3885 591 3938 et
602 3886 818 3960 protectorem
833 3900 900 3940 esse
916 3876 1120 3939 obtinuisset.

279 3974 350 4038 Sub
373 3975 488 4039 iisdem
510 3977 621 4061 itaque
637 3978 750 4041 diebus
774 3987 965 4063 tempestate
989 3977 1197 4061 praevalente,
1221 3999 1296 4039 con-

235 4078 312 4161 tigit
337 4098 450 4140 navem
465 4078 637 4162 quandam,
664 4078 759 4142 variis
775 4078 958 4162 sumptibus
975 4076 1137 4154 refertam,
1161 4077 1200 4139 de
1224 4077 1296 4140 Ru-

235 4180 351 4256 menel,
380 4189 466 4242 terra
494 4179 725 4262 archiepiscopi
757 4177 952 4254 cantuariae,
980 4200 1076 4261 supra
1101 4188 1219 4240 terram
1245 4201 1297 4242 ec-

237 4283 343 4346 cle'siae
366 4282 407 4345 de
431 4281 525 4344 Bello
544 4281 579 4345 in
595 4280 836 4364 Dengemareis,
853 4279 998 4342 membro
1013 4279 1053 4343 de
1068 4279 1137 4356 Wi,
1154 4279 1298 4344 confrac-

237 4394 313 4464 tam,
351 4384 537 4448 hominibus
572 4383 629 4446 vix
675 4382 896 4459 evadentrbus,
940 4383 1066 4468 jactari.
1124 4380 1298 4446 Sciendum

1150 4505 1169 4547 r
