3278 5162
334 563 377 626 94
642 571 814 624 meream
836 565 1085 622 sunuarrours

334 725 411 791 mali
425 725 588 790 aestimans
611 723 710 788 semel
732 723 918 807 iterumque
938 730 1038 806 atque
1052 718 1151 784 tertio
1163 717 1235 782 haec
1248 717 1388 804 patiens,

334 839 427 914 grato
449 828 557 891 animo
578 826 698 912 accepi.
745 825 828 890 Haeo
851 825 963 908 itaque
978 823 1086 888 omnia
1108 822 1266 886 internos
1280 829 1391 883 utau-

335 931 427 995 distis
455 930 587 1016 pacifice
622 939 694 993 acta
725 938 812 1004 sunt,
849 928 951 990 donec
985 925 1137 1010 episcopo
1166 921 1391 988 Lundoniensi

335 1043 475 1111 mortuo,
502 1031 610 1096 nescio
625 1053 691 1115 quo
705 1040 763 1094 aut
783 1029 915 1093 invidiae
929 1028 982 1094 vel
997 1027 1159 1112 superbiae
1173 1025 1292 1111 spiritu
1305 1025 1392 1088 idem

335 1136 478 1212 inflatrrs,
499 1133 595 1198 rectis
618 1133 720 1197 oculis
744 1155 796 1196 me
816 1131 938 1196 intueri
961 1152 1026 1194 non
1049 1138 1187 1214 poterat.
1233 1127 1393 1213 Sperabat

336 1237 423 1300 enim
446 1259 497 1300 me
523 1235 586 1299 sibi
611 1235 752 1300 fortmtu
775 1244 814 1298 ut
835 1235 930 1298 credo
953 1233 989 1296 in
1014 1233 1073 1297 illo
1086 1232 1233 1296 nocuisse
1248 1231 1391 1314 negotio,

173 1369 281 1411 aaan.
337 1340 427 1424 quod
440 1339 573 1403 omnino
591 1339 728 1423 probare
743 1358 809 1400 non
822 1335 975 1422 poterit.”
1020 1335 1077 1400 Ad
1087 1335 1157 1400 haec
1174 1333 1336 1399 Henricus
1351 1332 1392 1395 de

174 1418 324 1511 iilmd'di‘ii'l
338 1441 492 1506 Essexia:
521 1440 596 1504 “Si
634 1441 674 1504 de
707 1440 896 1527 episcopatu
928 1438 1112 1504 Lundoniae
1138 1461 1232 1522 agere
1261 1435 1393 1501 dilectio

175 1523 250 1570 Em*
337 1557 443 1608 vestra
473 1543 623 1622 voluerit,
655 1543 801 1629 profecto
830 1542 980 1607 omnibus
1009 1552 1125 1605 notum
1153 1550 1213 1617 est,
1243 1540 1392 1603 abbatem

336 1648 436 1712 istum
460 1647 549 1710 illius
563 1645 694 1711 honoris
710 1646 886 1710 ambitione
903 1645 1077 1731 quicquam
1091 1652 1203 1708 contra
1217 1641 1327 1706 Deum
1340 1640 1393 1706 vel

336 1772 462 1814 sacrum
482 1749 626 1812 ordinem
640 1749 734 1812 illum
750 1748 922 1812 simoniace
937 1746 1049 1831 aliquo
1063 1757 1209 1830 tempore
1224 1767 1319 1829 agere
1334 1767 1392 1808 no-

335 1852 444 1916 luisse.
491 1851 591 1918 Quod
616 1851 654 1928 si,
679 1861 718 1914 ut
742 1850 902 1928 nonnulli,
928 1849 1066 1935 pecunia
1090 1849 1252 1913 mediante
1267 1848 1302 1912 in
1317 1848 1393 1911 sede

335 1955 393 2018 illa
415 1953 563 2018 collocari
589 1953 764 2031 affectaret,
792 1976 902 2016 omnes
924 1975 984 2038 pro
1007 1963 1097 2018 certo
1121 1952 1284 2036 repulsam
1308 1950 1393 2035 passi

174 2093 319 2134 ,ndu-,M
337 2055 528 2121 intronizari
556 2075 626 2140 prae
655 2055 805 2120 omnibus
834 2054 1038 2120 meruisset.”
1083 2054 1147 2119 His
1162 2054 1323 2118 Ricardus
1352 2054 1392 2117 de

173 2144 268 2186 ‘hlud'
338 2159 421 2224 Luci
443 2158 636 2244 subjunxit:
661 2157 795 2222 “Absit
812 2157 874 2221 hoc
898 2158 939 2221 ab
963 2180 1014 2234 eo,
1040 2167 1079 2222 ut
1103 2157 1314 2221 intercessore
1335 2155 1394 2219 tali

338 2272 405 2325 tam
442 2283 566 2324 sacrum
595 2269 726 2344 tamque
765 2260 973 2344 magnifieum
1002 2259 1148 2324 ordinem
1187 2258 1393 2343 adipiscatur.

339 2363 478 2427 Nullum
493 2362 579 2426 enim
594 2363 780 2428 mortalium
794 2363 888 2428 nobis
902 2361 1049 2427 novimus
1069 2362 1105 2426 in
1127 2362 1189 2426 hoc
1212 2383 1309 2447 opere
1324 2359 1393 2424 fore

337 2463 543 2530 verendum.”

174 2596 318 2648 messuros.
382 2567 728 2632 Submurmurantibus
765 2567 939 2646 nonnullis,
969 2567 1137 2654 episcopus
1166 2567 1316 2653 spiritum
1344 2587 1395 2629 re-

337 2692 467 2734 sumens
490 2668 669 2734 orationem
690 2669 866 2754 incoeptam
893 2669 1112 2755 prosequitur.
1158 2672 1180 2706 “
1193 2670 1261 2733 Res
1282 2670 1392 2754 igitur,

338 2772 467 2837 domine
492 2771 549 2850 mi,
573 2794 617 2835 ex
643 2781 722 2835 tunc
745 2772 831 2836 inter
852 2795 911 2836 nos
933 2773 967 2836 in
993 2772 1093 2838 dubio
1115 2772 1222 2857 posita
1244 2781 1304 2849 est,
1333 2792 1393 2839 nec

339 2875 512 2959 quisquam
540 2882 687 2938 nostrum
715 2874 756 2937 ab
786 2896 883 2959 opere
912 2873 1057 2960 incoepto
1089 2873 1248 2938 declinare
1277 2873 1393 2938 voluit.

341 2976 435 3040 Tune
462 2975 595 3059 quidam
625 2976 666 3040 ad
698 2998 750 3039 me
779 2976 946 3042 venientes
972 2977 1214 3054 intimavenmt,
1244 2977 1394 3041 abbatem

339 3074 398 3138 hac
414 3074 454 3136 de
469 3095 564 3137 causa
586 3074 747 3158 synodum
768 3086 880 3158 petere
894 3074 1047 3154 noluisse,
1070 3075 1159 3160 quod
1171 3074 1267 3138 cartis
1281 3085 1315 3138 et
1328 3075 1395 3159 pri-

338 3175 464 3261 vilegiis
476 3196 543 3240 suae
558 3186 654 3241 utens
669 3177 813 3241 eeclesiae
830 3199 940 3244 earmn
955 3178 1175 3244 extollebatur
1189 3178 1392 3256 auctoritate,

339 3279 475 3344 dicendo
502 3302 535 3343 se
556 3279 742 3344 canonicam
758 3279 952 3346 Cicestrensi
976 3281 1119 3346 ecelesiae
1144 3280 1277 3345 minime
1300 3280 1394 3344 exhi·

338 3383 417 3446 bere
433 3382 652 3446 obedientiam
667 3382 793 3446 debere.
840 3383 940 3449 Quod
954 3393 1128 3468 postquam
1142 3383 1262 3467 accepi,
1280 3382 1393 3448 nolens

340 3485 506 3548 ecclesiam
529 3507 633 3548 meam
656 3485 799 3570 antiquis
824 3485 946 3550 suiset
967 3486 1065 3571 justis
1088 3485 1168 3549 meis
1194 3485 1395 3570 temporibus

339 3587 443 3649 minui
463 3585 687 3670 dignitatibus,
715 3587 863 3650 abbatem
881 3610 955 3652 cum
970 3588 1108 3672 quadam
1122 3587 1299 3677 parrochiae
1313 3606 1394 3652 meae

340 3709 478 3774 persona
506 3687 570 3750 alia
593 3687 753 3770 synodum
779 3689 867 3773 apud
893 3688 1081 3754 cicestriam
1109 3700 1220 3774 petere
1249 3699 1395 3776 tempore

341 3789 518 3852 constituto
534 3789 766 3852 summonitum
780 3812 839 3853 neo
854 3791 1037 3855 venientem
1051 3791 1218 3868 interdixi,
1235 3815 1273 3855 eo
1289 3803 1396 3856 tamen

341 3902 453 3955 tenore
469 3891 556 3976 quod
572 3891 599 3954 si
613 3890 699 3955 infra
713 3891 925 3978 quadraginta
939 3892 1065 3960 dierum
1088 3894 1229 3978 spatium
1253 3894 1396 3958 satisfac·

341 4004 433 4058 turus
456 4017 522 4058 non
536 3994 672 4073 veniret,
696 3996 736 4059 ab
752 3994 859 4060 officio
874 4017 933 4060 suo
948 4019 1121 4083 suspensus
1136 4007 1282 4062 cessaret.
1328 3996 1396 4062 Ve-

339 4119 413 4160 rum
437 4119 574 4181 persona
599 4097 663 4161 alia
688 4096 827 4182 supplici
850 4120 928 4162 voce
952 4092 1078 4162 veniam
1103 4111 1217 4184 petens
1240 4099 1395 4177 obtinuit,

341 4199 458 4262 abbate
481 4199 516 4262 in
539 4200 700 4263 sententia
721 4209 940 4285 permanente.
986 4200 1087 4266 Quod
1107 4201 1206 4265 abbas
1220 4211 1260 4266 ut
1274 4200 1399 4265 audivit

341 4322 450 4383 regem
479 4300 680 4385 Stephanum
706 4303 796 4380 adiit,
820 4312 919 4386 atque
947 4301 996 4366 illi
1026 4325 1123 4388 super
1152 4304 1213 4368 hoc
1243 4315 1395 4389 questum

343 4401 466 4465 intulit.
511 4401 589 4466 Rex
611 4425 687 4468 vero
713 4405 873 4488 quendam
893 4427 937 4466 ex
964 4403 1086 4470 clericis
1108 4405 1175 4471 suis
1199 4406 1398 4470 Rotbertum
