3278 5162
520 574 742 626 nonasrenrr
767 576 816 626 nn
842 576 966 626 annno.
1211 565 1271 628 119

217 720 319 804 ipsam
345 723 511 786 ecclesiam
530 724 638 787 minus
653 723 804 787 canonice
830 747 899 787 eam
919 709 1054 808 adeptus
1076 733 1114 786 ut
1124 725 1192 809 jam
1208 725 1274 788 dic·

218 833 288 885 tum
303 835 362 900 est,
379 824 565 888 Willelmus
581 826 620 888 de
637 825 755 901 Orbec,
780 828 872 911 cujus
888 849 921 889 se
937 836 1090 910 tanquam
1105 848 1275 910 personam

217 945 342 1006 gerone,
367 925 532 1008 quoslibet
555 948 597 990 ex
622 949 660 988 ea
682 926 910 1011 provenientes
925 927 1050 990 fructus
1064 927 1264 1012 percipiebat

218 1023 382 1089 Adversus
413 1049 510 1110 quem
538 1027 680 1091 restabat
706 1028 877 1111 agendum,
905 1039 944 1092 ut
968 1030 1007 1092 de
1033 1039 1150 1092 caetero
1171 1029 1272 1091 totius
1286 1047 1414 1090 vanamne

218 1126 359 1208 querelae
382 1129 552 1192 tolleretur
573 1129 706 1194 occasio,
754 1129 820 1192 Sed
839 1131 907 1214 jam
935 1152 1044 1193 eorum
1072 1154 1153 1215 quos
1177 1141 1272 1194 antea
1284 1101 1392 1200 idib?

217 1239 414 1312 protectores
438 1230 556 1294 habere
572 1232 743 1294 videbatur
766 1232 945 1315 patrocinio
971 1233 1157 1310 destitutus,
1180 1243 1271 1296 tanto
1284 1201 1368 1242 eruar.

218 1341 287 1393 erat
312 1331 488 1394 discrimini
513 1332 657 1409 vicinior,
680 1343 802 1416 quanto
827 1356 846 1395 a
868 1333 992 1396 ratione
1007 1334 1170 1399 remotior.
1216 1334 1273 1397 Ex

216 1431 284 1493 sola
309 1433 419 1516 itaque
445 1433 653 1497 institutione
680 1457 738 1498 sua
763 1458 822 1519 per
843 1435 1030 1519 episcopum
1045 1435 1131 1498 facta
1145 1445 1272 1518 partem

215 1555 305 1598 suam
329 1535 414 1597 tueri
440 1535 616 1613 nitebatur,
644 1537 700 1598 sed
724 1537 853 1614 frustra,
880 1536 1002 1619 quippe
1023 1558 1097 1598 cum
1112 1546 1274 1599 constaret

216 1635 365 1698 omnibus
374 1659 445 1700 eam
459 1637 565 1699 minus
581 1659 650 1699 esse
666 1636 861 1701 canonicam.
909 1636 1064 1700 Arctatus
1079 1659 1155 1720 ergo
1170 1637 1273 1720 pluri-

215 1760 315 1816 mum,
342 1760 474 1801 cernens
504 1761 536 1801 se
566 1738 641 1801 hinc
670 1739 774 1822 gratia
799 1737 996 1823 possidendi,
1032 1737 1122 1800 illinc
1147 1738 1272 1801 ratione

216 1839 385 1902 resistendi
409 1839 613 1918 destitutum,
635 1863 694 1903 nec
718 1839 804 1903 ultra
826 1839 994 1902 inveniens
1010 1839 1193 1923 diffugium,
1210 1841 1273 1904 toti

213 1941 282 2026 juri
298 1943 385 2026 quod
399 1942 434 2004 in
449 1943 520 2026 ipsa
534 1943 667 2006 ecclesia
684 1943 854 2006 videbatur
871 1943 991 2005 habere
1007 1943 1134 2026 cogitur
1153 1965 1272 2006 renun-

218 2045 308 2107 tiare.
354 2043 498 2109 Veniens
513 2044 613 2128 igitur
627 2044 663 2106 in
677 2045 884 2130 praesentiam
911 2044 1032 2107 domini
1056 2044 1273 2108 Norwicensis

217 2145 370 2230 episcopi,
384 2145 549 2210 ecclesiam
562 2168 635 2209 cum
647 2147 734 2210 onmi
745 2149 820 2232 jure
837 2169 895 2210 suo
909 2145 945 2208 in
959 2168 1072 2209 manus
1088 2147 1158 2231 ejus
1173 2147 1273 2230 resig-

217 2245 316 2324 navit,
340 2247 451 2331 sicque
478 2270 516 2310 eo
541 2248 709 2327 destituto,
734 2248 903 2333 episcopus
927 2247 1100 2332 praefatum
1116 2247 1273 2312 Thomam
1397 2274 1412 2298 ⁸

217 2348 367 2412 clericum
395 2350 436 2412 ad
460 2350 743 2434 praesentationem
767 2350 893 2414 abbatis
920 2361 954 2414 et
974 2361 1150 2414 conventus
1170 2349 1273 2413 sancti

217 2449 353 2513 Martini
368 2451 407 2513 de
424 2451 518 2515 Bello
533 2453 687 2516 instituit.
735 2452 885 2516 Possedit
904 2475 974 2516 eam
997 2453 1037 2516 de
1053 2463 1170 2516 caetero
1185 2452 1273 2515 idem

219 2551 358 2616 Thomas
388 2553 522 2616 clericus
546 2555 679 2638 pacifice
710 2555 770 2618 sub
794 2577 901 2617 annua
929 2555 1095 2638 pensione,
1126 2554 1271 2638 undique

219 2653 402 2736 quiescente
419 2655 564 2738 qualibet
579 2655 832 2718 adversariorum
850 2655 1097 2738 inquietatione.

261 2753 295 2816 A
327 2755 439 2839 primis
474 2756 683 2820 dedicationis
717 2756 903 2820 monasterii
933 2756 1035 2818 sancti
1066 2754 1203 2818 Martini
1232 2755 1271 2817 de
1284 2780 1394 2822 nmero

218 2856 312 2919 Bello
329 2858 536 2942 temporibus,
564 2881 669 2942 usque
693 2859 735 2921 ad
749 2857 808 2920 viri
824 2856 1017 2920 venerabilis
1032 2855 1187 2919 Walterii
1202 2854 1270 2917 fere
1283 2837 1387 2924 iiiiii?

217 2959 387 3022 novissima
402 2968 556 3045 tempora,
574 2983 617 3024 ex
631 2959 772 3023 ecclesiis
788 2959 950 3022 dotalibus
962 2959 1066 3022 eidem
1077 2956 1271 3020 monasterio
1283 2943 1427 3043 {diffidas

216 3059 250 3122 in
277 3061 346 3145 ejus
373 3061 574 3124 dedicatione
599 3084 619 3124 a
641 3083 715 3144 rege
732 3060 901 3123 Willehno
925 3059 1066 3122 secundo
1091 3057 1271 3142 assignatis,
1285 3031 1424 3124 23⁵3de

216 3161 311 3245 pauci
340 3171 374 3222 et
405 3162 469 3224 rari
498 3185 674 3244 provenere
705 3161 840 3224 fructus.
901 3159 941 3223 In
971 3183 1081 3223 earum
1110 3160 1273 3243 siquidem
1285 3135 1395 3180 ⁰hu¹⁰h⁸⁸⁵

216 3263 431 3346 assignatione
455 3271 522 3325 tam
544 3263 628 3346 regis
652 3261 798 3346 ejusdem
818 3272 852 3324 et
872 3261 1107 3346 episcoporum,
1126 3281 1224 3342 quam
1239 3269 1273 3320 et

215 3363 350 3426 aliarum
362 3385 571 3447 personarum
581 3386 655 3447 quae
666 3362 762 3425 simul
772 3363 967 3425 dedicationi
977 3363 1155 3424 intererant
1164 3371 1273 3423 aetum

217 3476 267 3527 est
291 3464 436 3542 consilio,
460 3474 499 3528 ut
519 3464 750 3549 superstitibus
775 3463 948 3526 earundem
969 3462 1175 3526 ecclesiarum
1199 3484 1272 3544 per-

216 3567 302 3630 sonis
326 3589 401 3651 quae
425 3577 500 3630 ante
520 3567 708 3630 monasterii
724 3565 971 3644 dedicationem,
994 3577 1028 3628 et
1043 3587 1152 3628 earum
1168 3563 1273 3626 eidem

217 3668 334 3732 factam
364 3669 613 3752 assignationem
633 3667 793 3730 institutae
822 3668 1026 3743 videbantur,
1057 3667 1097 3729 de
1128 3665 1273 3750 qualibet

219 3771 392 3834 earundem
406 3794 521 3834 novem
537 3770 745 3835 ecclesiarum
759 3769 872 3855 pensio
888 3771 998 3834 decem
1014 3767 1190 3832 solidorum
1205 3790 1273 3830 mo-

217 3872 357 3935 nasterio
384 3873 423 3934 de
447 3872 540 3935 Bello
563 3873 730 3935 annuatim
753 3872 940 3947 solveretur,
966 3880 1000 3932 et
1021 3868 1166 3953 personis
1182 3867 1273 3930 dece·

216 3973 379 4049 dentibuS,
395 3975 434 4036 de
451 3983 568 4036 caetero
584 3983 650 4036 tam
666 3974 872 4037 ecclesiarum
888 3994 985 4056 quam
1000 3981 1034 4032 et
1048 3969 1215 4032 fructuum
1230 3991 1274 4030 ex

217 4075 263 4138 eis
279 4073 546 4158 pervenientium,
570 4075 680 4138 abbati
705 4085 738 4136 et
761 4073 925 4136 monachis
940 4072 979 4135 de
996 4070 1089 4132 Bello
1105 4068 1273 4152 dispositio

216 4176 319 4240 libera
342 4173 588 4258 relinqueretur.
635 4175 795 4238 Prudenti
822 4174 921 4236 etiam
947 4181 1054 4235 actum
1084 4180 1133 4232 est
1157 4169 1291 4232 discre-¹

218 4278 319 4353 tione,
342 4286 380 4339 ut
400 4277 510 4339 abbati
526 4275 661 4360 singulis
676 4275 767 4337 annis
783 4272 881 4336 semel
897 4282 1006 4356 partes
1020 4271 1091 4333 illas
1105 4271 1140 4334 in
1156 4270 1275 4353 quibus

216 4379 296 4463 ipsae
320 4377 462 4442 ecclesiae
478 4378 550 4442 sitae
565 4377 716 4442 videntur
732 4377 925 4440 visitationis
949 4374 1052 4458 gratia
1076 4372 1219 4448 adeunti,
1240 4371 1275 4434 in
