3240 5154
653 513 853 566 sernunrx.
1221 496 1284 562 187

227 680 325 744 habet
347 681 383 744 in
405 681 490 745 aula.
544 679 768 744 concessimus
793 679 891 744 ctiam
919 679 1024 744 eidem
1050 701 1110 765 pro
1136 679 1285 763 garcionc

227 805 287 846 suo
296 785 377 847 duos
387 783 497 868 nigros
507 805 619 869 panes,
631 805 733 847 unum
741 782 890 867 galonem
900 781 1043 846 cervisiae
1055 791 1089 845 et
1098 781 1138 844 de
1147 779 1287 864 coquina

228 883 313 947 sicut
340 885 399 948 uni
428 886 468 950 de
493 885 634 971 propriis
655 885 860 970 garcionibus
888 885 1017 948 nostris.
1062 881 1288 948 concessimus

229 986 327 1050 etiam
341 987 447 1051 eidem
461 986 570 1051 Alano
583 1009 643 1073 per
657 1009 778 1051 annum
789 1009 892 1052 unum
902 987 1015 1050 robam
1030 1007 1104 1050 cum
1119 984 1234 1047 furura
1246 982 1287 1046 de

229 1087 343 1150 eodem
362 1111 471 1173 panno
492 1111 558 1173 quo
573 1089 757 1154 vestiuntur
772 1087 922 1173 armigeri
937 1086 1059 1164 nostri3
1084 1096 1118 1151 et
1132 1106 1289 1150 cameram

228 1187 396 1253 honestam
416 1190 502 1254 infra
524 1200 618 1275 septa
637 1190 824 1254 monasterii
838 1187 952 1268 nostri,
976 1189 1100 1253 faenum
1123 1187 1165 1251 ad
1184 1207 1288 1250 unum

229 1312 361 1374 equum,
377 1291 523 1355 literium
538 1301 573 1355 et
586 1293 721 1357 boscum
734 1293 776 1356 ad
789 1292 900 1356 focum
914 1313 1011 1358 suum
1025 1288 1250 1356 sufficientem.

272 1389 495 1456 Concessimus
517 1393 615 1458 etiam
637 1395 668 1458 ei
693 1395 782 1478 quod
796 1393 903 1458 omnia
916 1392 1073 1477 praedicta
1085 1389 1188 1476 possit
1202 1389 1287 1453 inte·

227 1491 360 1576 graliter
373 1494 540 1579 percipere
556 1494 623 1559 sive
637 1515 781 1580 praesens
795 1494 907 1572 fuerit,
923 1493 990 1558 sive
1004 1494 1131 1571 absens,
1147 1499 1285 1575 excepto

228 1593 327 1670 faeno,
341 1594 451 1658 literio
466 1605 501 1659 et
514 1597 622 1660 bosco.

273 1694 314 1758 In
335 1697 428 1780 cujus
445 1697 492 1760 rei
507 1696 731 1761 testimonium
747 1697 890 1782 sigilium
904 1707 1052 1762 nostrum
1070 1693 1286 1781 praesentibus

230 1805 306 1859 sunt
320 1819 461 1882 appensa
477 1796 558 1880 (sic).

274 1897 350 1962 Dat.
374 1921 425 1982 ap.
442 1898 583 1978 Bellum,
605 1919 651 1964 1v.
671 1899 735 1963 kal.
759 1898 1044 1966 Nov.A.n.1300.

727 2075 794 2140 III.

492 2195 690 2278 (Begastrum
705 2193 743 2258 de
757 2193 862 2274 Bello,
878 2216 910 2280 p.
928 2193 1024 2278 143.)ι

274 2323 372 2389 Carta
395 2328 480 2411 regis
506 2327 666 2393 lohannis
692 2330 734 2395 1⁰.
762 2329 802 2392 de
828 2328 974 2394 custodia
1001 2329 1284 2407 domum-2⁰.-

231 2427 319 2507 quod
340 2428 572 2494 decedentibus
595 2430 768 2496 abbatibus
792 2432 938 2518 ejusdem
957 2429 1032 2509 loci,
1048 2430 1112 2517 ipsi
1134 2429 1283 2494 monachi

229 2524 369 2592 habeant
392 2527 570 2595 custodiam
592 2533 705 2595 domus
729 2551 796 2595 suae
820 2543 855 2596 ct
878 2532 1014 2596 liberam
1034 2531 1284 2596 administratio-

230 2649 304 2691 nem
338 2631 483 2697 omnium
507 2655 616 2698 rerum
644 2643 679 2697 et
702 2633 940 2718 possessionum
967 2655 1108 2712 suarum,
1133 2645 1167 2698 ct
1196 2634 1285 2719 quod

229 2731 379 2796 abbatem
408 2734 469 2797 sibi
498 2734 678 2820 praeficiant
707 2732 748 2799 de
782 2735 896 2822 seipsis
934 2735 1113 2800 secundrun
1147 2735 1284 2800 formam

230 2831 424 2899 electionum
445 2835 485 2900 de
503 2836 636 2921 prelatis
651 2856 727 2922 quae
742 2847 792 2902 est
804 2837 839 2902 in
854 2859 954 2922 regno
973 2847 1095 2902 nostro.

725 3012 788 3079 IV.

235 3128 434 3211 Confirmatio
457 3133 664 3194 immunitatis
675 3132 875 3195 ecclesiaram
888 3131 927 3194 de
939 3130 1033 3195 Bello
1056 3152 1078 3194 a
1097 3133 1285 3216 subjectione

273 3229 429 3314 Episcopi
456 3230 619 3293 Cicestrice
639 3253 661 3293 a
682 3231 781 3314 Papa
796 3231 950 3308 Honorio,
967 3231 1028 3313 sol.
1047 3233 1119 3296 105.
1163 3232 1285 3296 Eadem

275 3353 295 3393 a
326 3332 422 3416 Papa
458 3331 621 3416 Gregorio,
649 3332 708 3414 fol.
741 3332 867 3396 108.-
882 3333 1084 3415 Cocfirmctio
1108 3334 1243 3417 ejusdem
1265 3356 1286 3396 a

276 3433 450 3498 Theobaldo
475 3433 719 3520 Arcliepiscopo
736 3433 887 3498 Cantator.
902 3433 965 3516 sol.
985 3433 1284 3519 Ill-Repistrum

274 3535 313 3597 de
326 3535 432 3615 Bello,
448 3559 481 3621 p.
500 3535 573 3614 127,
590 3536 662 3600 128.

730 3651 773 3717 V.

230 3777 318 3860 Pope
348 3778 514 3863 Gregory's
548 3779 782 3860 Confirmatioa,
813 3779 1094 3864 dc-Repa‘strum
1119 3783 1157 3846 de
1182 3785 1285 3862 Bello,

715 3903 749 3965 p.
768 3881 842 3944 154.

274 3995 453 4080 Gregorius
467 3995 578 4060 abbati
594 4005 627 4059 et
642 4017 732 4060 conv.
748 3997 787 4060 de
804 3996 898 4096 Bello
913 3996 1060 4062 salutem.

275 4097 359 4161 Cum
379 4098 474 4161 bonae
488 4098 652 4160 memoriae
661 4097 794 4162 Ylarius
805 4097 980 4182 Cycestriae
997 4099 1165 4185 episcopus
1181 4121 1284 4184 quon·

230 4201 303 4264 dam
321 4198 507 4264 monasterii
530 4200 628 4262 vestri
651 4201 800 4264 abbatem
821 4201 994 4284 impeteret
1017 4224 1173 4287 supereo
1198 4204 1286 4288 quod

461 4339 468 4369 ¹
487 4339 536 4392 See
550 4338 677 4409 Prynne's
687 4339 781 4411 ‘Papal
795 4340 984 4411 Usurpations,’
1003 4343 1099 4413 pata.
