<?xml version="1.0" encoding="UTF-8"?>
<!DOCTYPE html PUBLIC "-//W3C//DTD XHTML 1.0 Transitional//EN"
    "http://www.w3.org/TR/xhtml1/DTD/xhtml1-transitional.dtd">
<html xmlns="http://www.w3.org/1999/xhtml" xml:lang="en" lang="en">
 <head>
  <title>
</title>
<meta http-equiv="Content-Type" content="text/html;charset=utf-8" />
  <meta name='ocr-system' content='tesseract 3.04.00' />
  <meta name='ocr-capabilities' content='ocr_page ocr_carea ocr_par ocr_line ocrx_word'/>
</head>
<body>
  <div class='ocr_page' id='page_1' title='image "./chroniconmonast01abbegoog_0107.png"; bbox 0 0 3278 5162; ppageno 0'>
   <div class='ocr_carea' id='block_1_1' title="bbox 541 557 1295 620">
    <p class='ocr_par' dir='ltr' id='par_1_1' title="bbox 541 557 1295 620">
     <span class='ocr_line' id='line_1_1' title="bbox 541 557 1295 620; baseline 0 -2"><span class='ocrx_word' id='word_1_1' title='bbox 541 568 763 620; x_wconf 82' lang='lat' dir='ltr'>MONASTERII</span> <span class='ocrx_word' id='word_1_2' title='bbox 789 569 837 620; x_wconf 80' lang='lat' dir='ltr'>Du</span> <span class='ocrx_word' id='word_1_3' title='bbox 863 569 988 620; x_wconf 79' lang='lat' dir='ltr'>BELLO·</span> <span class='ocrx_word' id='word_1_4' title='bbox 1254 557 1295 618; x_wconf 84' lang='grc'>63</span> 
     </span>
    </p>
   </div>
   <div class='ocr_carea' id='block_1_2' title="bbox 239 717 1396 1510">
    <p class='ocr_par' dir='ltr' id='par_1_2' title="bbox 239 717 1396 1510">
     <span class='ocr_line' id='line_1_2' title="bbox 239 717 1294 804; baseline 0.002 -24"><span class='ocrx_word' id='word_1_5' title='bbox 239 717 313 801; x_wconf 90' lang='lat' dir='ltr'>puis</span> <span class='ocrx_word' id='word_1_6' title='bbox 341 719 393 781; x_wconf 90' lang='lat' dir='ltr'>sui</span> <span class='ocrx_word' id='word_1_7' title='bbox 428 721 614 783; x_wconf 87' lang='lat' dir='ltr'>memoriam</span> <span class='ocrx_word' id='word_1_8' title='bbox 650 731 684 784; x_wconf 92' lang='lat' dir='ltr'>et</span> <span class='ocrx_word' id='word_1_9' title='bbox 715 721 918 786; x_wconf 88' lang='lat' dir='ltr'>devotionern</span> <span class='ocrx_word' id='word_1_10' title='bbox 946 728 1138 804; x_wconf 84' lang='lat' dir='ltr'>perpetuare</span> <span class='ocrx_word' id='word_1_11' title='bbox 1168 719 1294 801; x_wconf 81' lang='lat' dir='ltr'>sategit.</span> 
     </span>
     <span class='ocr_line' id='line_1_3' title="bbox 243 819 1295 886; baseline 0.001 -5"><span class='ocrx_word' id='word_1_12' title='bbox 243 819 361 882; x_wconf 89' lang='lat' dir='ltr'>Curam</span> <span class='ocrx_word' id='word_1_13' title='bbox 388 819 486 882; x_wconf 90' lang='lat' dir='ltr'>etiam</span> <span class='ocrx_word' id='word_1_14' title='bbox 511 820 716 886; x_wconf 77' lang='lat' dir='ltr'>villicationis</span> <span class='ocrx_word' id='word_1_15' title='bbox 742 822 804 885; x_wconf 90' lang='lat' dir='ltr'>sibi</span> <span class='ocrx_word' id='word_1_16' title='bbox 830 821 1007 884; x_wconf 85' lang='lat' dir='ltr'>commissae</span> <span class='ocrx_word' id='word_1_17' title='bbox 1036 821 1173 884; x_wconf 88' lang='lat' dir='ltr'>interius</span> <span class='ocrx_word' id='word_1_18' title='bbox 1203 831 1295 883; x_wconf 87' lang='lat' dir='ltr'>exte-</span> 
     </span>
     <span class='ocr_line' id='line_1_4' title="bbox 241 921 1296 1006; baseline 0 -24"><span class='ocrx_word' id='word_1_19' title='bbox 241 921 375 1003; x_wconf 91' lang='lat' dir='ltr'>riusque</span> <span class='ocrx_word' id='word_1_20' title='bbox 390 921 481 1004; x_wconf 89' lang='lat' dir='ltr'>vigili</span> <span class='ocrx_word' id='word_1_21' title='bbox 508 921 700 985; x_wconf 87' lang='lat' dir='ltr'>strenuitate</span> <span class='ocrx_word' id='word_1_22' title='bbox 723 945 831 1006; x_wconf 89' lang='lat' dir='ltr'>agens,</span> <span class='ocrx_word' id='word_1_23' title='bbox 859 932 893 985; x_wconf 89' lang='lat' dir='ltr'>et</span> <span class='ocrx_word' id='word_1_24' title='bbox 906 922 1055 1006; x_wconf 85' lang='lat' dir='ltr'>religioni</span> <span class='ocrx_word' id='word_1_25' title='bbox 1081 923 1122 985; x_wconf 92' lang='lat' dir='ltr'>ad</span> <span class='ocrx_word' id='word_1_26' title='bbox 1143 922 1194 984; x_wconf 90' lang='lat' dir='ltr'>sui</span> <span class='ocrx_word' id='word_1_27' title='bbox 1213 921 1296 984; x_wconf 90' lang='lat' dir='ltr'>filio-</span> 
     </span>
     <span class='ocr_line' id='line_1_5' title="bbox 242 1022 1296 1106; baseline 0 -22"><span class='ocrx_word' id='word_1_28' title='bbox 242 1045 379 1106; x_wconf 87' lang='lat' dir='ltr'>rumque</span> <span class='ocrx_word' id='word_1_29' title='bbox 394 1022 541 1099; x_wconf 89' lang='lat' dir='ltr'>salutem,</span> <span class='ocrx_word' id='word_1_30' title='bbox 569 1033 607 1086; x_wconf 90' lang='lat' dir='ltr'>ut</span> <span class='ocrx_word' id='word_1_31' title='bbox 621 1024 725 1086; x_wconf 91' lang='lat' dir='ltr'>virum</span> <span class='ocrx_word' id='word_1_32' title='bbox 739 1023 990 1086; x_wconf 89' lang='lat' dir='ltr'>eruditissimum</span> <span class='ocrx_word' id='word_1_33' title='bbox 1007 1025 1151 1100; x_wconf 84' lang='lat' dir='ltr'>decebat,</span> <span class='ocrx_word' id='word_1_34' title='bbox 1168 1045 1296 1106; x_wconf 89' lang='lat' dir='ltr'>operam</span> 
     </span>
     <span class='ocr_line' id='line_1_6' title="bbox 243 1123 1296 1209; baseline -0.001 -23"><span class='ocrx_word' id='word_1_35' title='bbox 243 1125 329 1202; x_wconf 88' lang='lat' dir='ltr'>dare,</span> <span class='ocrx_word' id='word_1_36' title='bbox 354 1135 388 1186; x_wconf 88' lang='lat' dir='ltr'>et</span> <span class='ocrx_word' id='word_1_37' title='bbox 402 1123 545 1186; x_wconf 88' lang='lat' dir='ltr'>ecclesiae</span> <span class='ocrx_word' id='word_1_38' title='bbox 562 1126 638 1209; x_wconf 88' lang='lat' dir='ltr'>jura</span> <span class='ocrx_word' id='word_1_39' title='bbox 652 1123 704 1187; x_wconf 90' lang='lat' dir='ltr'>vel</span> <span class='ocrx_word' id='word_1_40' title='bbox 727 1123 899 1206; x_wconf 85' lang='lat' dir='ltr'>dignitates</span> <span class='ocrx_word' id='word_1_41' title='bbox 923 1124 1146 1188; x_wconf 90' lang='lat' dir='ltr'>dirationando</span> <span class='ocrx_word' id='word_1_42' title='bbox 1161 1147 1296 1200; x_wconf 89' lang='lat' dir='ltr'>servare,</span> 
     </span>
     <span class='ocr_line' id='line_1_7' title="bbox 243 1224 1297 1309; baseline 0 -21"><span class='ocrx_word' id='word_1_43' title='bbox 243 1225 523 1309; x_wconf 86' lang='lat' dir='ltr'>possessionesque</span> <span class='ocrx_word' id='word_1_44' title='bbox 554 1235 735 1288; x_wconf 82' lang='lat' dir='ltr'>restaurans</span> <span class='ocrx_word' id='word_1_45' title='bbox 758 1224 1080 1288; x_wconf 90' lang='lat' dir='ltr'>honorificentissime</span> <span class='ocrx_word' id='word_1_46' title='bbox 1113 1247 1146 1288; x_wconf 88' lang='lat' dir='ltr'>sc</span> <span class='ocrx_word' id='word_1_47' title='bbox 1174 1247 1297 1309; x_wconf 90' lang='lat' dir='ltr'>suaque</span> 
     </span>
     <span class='ocr_line' id='line_1_8' title="bbox 243 1326 704 1411; baseline 0.002 -22"><span class='ocrx_word' id='word_1_48' title='bbox 243 1327 349 1390; x_wconf 87' lang='lat' dir='ltr'>omnia</span> <span class='ocrx_word' id='word_1_49' title='bbox 363 1328 512 1390; x_wconf 89' lang='lat' dir='ltr'>studebat</span> <span class='ocrx_word' id='word_1_50' title='bbox 526 1326 704 1411; x_wconf 89' lang='lat' dir='ltr'>disponere.</span> 
     </span>
     <span class='ocr_line' id='line_1_9' title="bbox 285 1426 1396 1510; baseline 0.003 -20"><span class='ocrx_word' id='word_1_51' title='bbox 285 1426 390 1510; x_wconf 89' lang='lat' dir='ltr'>Igitur</span> <span class='ocrx_word' id='word_1_52' title='bbox 417 1451 491 1491; x_wconf 91' lang='lat' dir='ltr'>cum</span> <span class='ocrx_word' id='word_1_53' title='bbox 506 1427 696 1492; x_wconf 83' lang='lat' dir='ltr'>omnimodis</span> <span class='ocrx_word' id='word_1_54' title='bbox 711 1436 857 1490; x_wconf 89' lang='lat' dir='ltr'>accurate</span> <span class='ocrx_word' id='word_1_55' title='bbox 873 1426 980 1490; x_wconf 92' lang='lat' dir='ltr'>omnia</span> <span class='ocrx_word' id='word_1_56' title='bbox 1005 1437 1145 1491; x_wconf 86' lang='lat' dir='ltr'>tractans</span> <span class='ocrx_word' id='word_1_57' title='bbox 1166 1427 1297 1490; x_wconf 88' lang='lat' dir='ltr'>honoris</span> <span class='ocrx_word' id='word_1_58' title='bbox 1311 1455 1396 1498; x_wconf 65' lang='lat' dir='ltr'>onera</span> 
     </span>
    </p>
   </div>
   <div class='ocr_carea' id='block_1_3' title="bbox 243 1503 1451 1613">
    <p class='ocr_par' dir='ltr' id='par_1_3' title="bbox 243 1503 1451 1613">
     <span class='ocr_line' id='line_1_10' title="bbox 243 1503 1451 1613; baseline 0.001 -21"><span class='ocrx_word' id='word_1_59' title='bbox 243 1529 457 1594; x_wconf 88' lang='lat' dir='ltr'>delectaretur</span> <span class='ocrx_word' id='word_1_60' title='bbox 479 1529 745 1607; x_wconf 84' lang='lat' dir='ltr'>accumulatione,</span> <span class='ocrx_word' id='word_1_61' title='bbox 773 1528 897 1591; x_wconf 89' lang='lat' dir='ltr'>solebat</span> <span class='ocrx_word' id='word_1_62' title='bbox 919 1529 959 1590; x_wconf 91' lang='lat' dir='ltr'>ad</span> <span class='ocrx_word' id='word_1_63' title='bbox 978 1529 1106 1613; x_wconf 89' lang='lat' dir='ltr'>patroni</span> <span class='ocrx_word' id='word_1_64' title='bbox 1121 1529 1297 1591; x_wconf 90' lang='lat' dir='ltr'>communis</span> <span class='ocrx_word' id='word_1_65' title='bbox 1309 1503 1451 1593; x_wconf 50' lang='lat' dir='ltr'>liiddeinihe</span> 
     </span>
    </p>
   </div>
   <div class='ocr_carea' id='block_1_4' title="bbox 242 1605 1461 4351">
    <p class='ocr_par' dir='ltr' id='par_1_4' title="bbox 242 1605 1461 4351">
     <span class='ocr_line' id='line_1_11' title="bbox 242 1605 1461 1714; baseline -0.003 -19"><span class='ocrx_word' id='word_1_66' title='bbox 242 1633 329 1695; x_wconf 90' lang='lat' dir='ltr'>beati</span> <span class='ocrx_word' id='word_1_67' title='bbox 345 1631 483 1695; x_wconf 90' lang='lat' dir='ltr'>Martini</span> <span class='ocrx_word' id='word_1_68' title='bbox 497 1632 617 1696; x_wconf 83' lang='lat' dir='ltr'>festum</span> <span class='ocrx_word' id='word_1_69' title='bbox 631 1630 779 1708; x_wconf 85' lang='lat' dir='ltr'>hiemale,</span> <span class='ocrx_word' id='word_1_70' title='bbox 800 1652 859 1713; x_wconf 94' lang='lat' dir='ltr'>pro</span> <span class='ocrx_word' id='word_1_71' title='bbox 874 1639 975 1692; x_wconf 88' lang='lat' dir='ltr'>tantae</span> <span class='ocrx_word' id='word_1_72' title='bbox 990 1629 1225 1714; x_wconf 85' lang='lat' dir='ltr'>solempnitatis</span> <span class='ocrx_word' id='word_1_73' title='bbox 1240 1653 1298 1692; x_wconf 84' lang='lat' dir='ltr'>ex·</span> <span class='ocrx_word' id='word_1_74' title='bbox 1309 1605 1461 1694; x_wconf 53' lang='lat' dir='ltr'>titillata.</span> 
     </span>
     <span class='ocr_line' id='line_1_12' title="bbox 245 1731 1298 1818; baseline -0.001 -22"><span class='ocrx_word' id='word_1_75' title='bbox 245 1732 405 1810; x_wconf 90' lang='lat' dir='ltr'>cellentia,</span> <span class='ocrx_word' id='word_1_76' title='bbox 439 1733 626 1818; x_wconf 91' lang='lat' dir='ltr'>episcopum</span> <span class='ocrx_word' id='word_1_77' title='bbox 653 1731 885 1796; x_wconf 90' lang='lat' dir='ltr'>Cicestrensem</span> <span class='ocrx_word' id='word_1_78' title='bbox 914 1731 1033 1816; x_wconf 89' lang='lat' dir='ltr'>saepius</span> <span class='ocrx_word' id='word_1_79' title='bbox 1068 1733 1298 1795; x_wconf 91' lang='lat' dir='ltr'>summonendo</span> 
     </span>
     <span class='ocr_line' id='line_1_13' title="bbox 244 1833 1299 1918; baseline -0.001 -21"><span class='ocrx_word' id='word_1_80' title='bbox 244 1837 404 1898; x_wconf 87' lang='lat' dir='ltr'>mandare.</span> <span class='ocrx_word' id='word_1_81' title='bbox 434 1899 436 1903; x_wconf 83' lang='grc'>,</span> <span class='ocrx_word' id='word_1_82' title='bbox 451 1835 601 1901; x_wconf 82' lang='lat' dir='ltr'>Quadam</span> <span class='ocrx_word' id='word_1_83' title='bbox 616 1857 693 1918; x_wconf 88' lang='lat' dir='ltr'>ergo</span> <span class='ocrx_word' id='word_1_84' title='bbox 707 1834 776 1897; x_wconf 90' lang='lat' dir='ltr'>vice</span> <span class='ocrx_word' id='word_1_85' title='bbox 790 1833 851 1896; x_wconf 94' lang='lat' dir='ltr'>hoc</span> <span class='ocrx_word' id='word_1_86' title='bbox 866 1834 961 1896; x_wconf 91' lang='lat' dir='ltr'>modo</span> <span class='ocrx_word' id='word_1_87' title='bbox 979 1833 1194 1912; x_wconf 87' lang='lat' dir='ltr'>submonitus,</span> <span class='ocrx_word' id='word_1_88' title='bbox 1219 1834 1299 1897; x_wconf 87' lang='lat' dir='ltr'>cari-</span> 
     </span>
     <span class='ocr_line' id='line_1_14' title="bbox 246 1935 1301 2019; baseline 0 -21"><span class='ocrx_word' id='word_1_89' title='bbox 246 1936 321 1999; x_wconf 89' lang='lat' dir='ltr'>tatis</span> <span class='ocrx_word' id='word_1_90' title='bbox 349 1937 452 2018; x_wconf 88' lang='lat' dir='ltr'>gratia</span> <span class='ocrx_word' id='word_1_91' title='bbox 480 1946 577 2019; x_wconf 91' lang='lat' dir='ltr'>atque</span> <span class='ocrx_word' id='word_1_92' title='bbox 607 1935 788 2012; x_wconf 78' lang='lat' dir='ltr'>adveniam,</span> <span class='ocrx_word' id='word_1_93' title='bbox 818 1944 893 2018; x_wconf 91' lang='lat' dir='ltr'>post</span> <span class='ocrx_word' id='word_1_94' title='bbox 914 1948 1077 2018; x_wconf 86' lang='lat' dir='ltr'>peractam</span> <span class='ocrx_word' id='word_1_95' title='bbox 1101 1947 1139 1999; x_wconf 91' lang='lat' dir='ltr'>ut</span> <span class='ocrx_word' id='word_1_96' title='bbox 1167 1937 1301 1999; x_wconf 88' lang='lat' dir='ltr'>decebat</span> 
     </span>
     <span class='ocr_line' id='line_1_15' title="bbox 247 2035 1301 2122; baseline -0.001 -21"><span class='ocrx_word' id='word_1_97' title='bbox 247 2037 457 2120; x_wconf 91' lang='lat' dir='ltr'>solempniter</span> <span class='ocrx_word' id='word_1_98' title='bbox 481 2035 699 2114; x_wconf 89' lang='lat' dir='ltr'>festivitatem,</span> <span class='ocrx_word' id='word_1_99' title='bbox 722 2036 859 2120; x_wconf 91' lang='lat' dir='ltr'>contigit</span> <span class='ocrx_word' id='word_1_100' title='bbox 883 2036 1025 2121; x_wconf 84' lang='lat' dir='ltr'>episcopi</span> <span class='ocrx_word' id='word_1_101' title='bbox 1046 2037 1218 2115; x_wconf 92' lang='lat' dir='ltr'>ministros,</span> <span class='ocrx_word' id='word_1_102' title='bbox 1233 2039 1301 2122; x_wconf 90' lang='lat' dir='ltr'>jam</span> 
     </span>
     <span class='ocr_line' id='line_1_16' title="bbox 246 2136 1300 2222; baseline 0.002 -22"><span class='ocrx_word' id='word_1_103' title='bbox 246 2138 353 2222; x_wconf 90' lang='lat' dir='ltr'>patrio</span> <span class='ocrx_word' id='word_1_104' title='bbox 367 2137 452 2201; x_wconf 85' lang='lat' dir='ltr'>forte</span> <span class='ocrx_word' id='word_1_105' title='bbox 461 2138 602 2200; x_wconf 90' lang='lat' dir='ltr'>calentes</span> <span class='ocrx_word' id='word_1_106' title='bbox 613 2160 712 2216; x_wconf 91' lang='lat' dir='ltr'>mero,</span> <span class='ocrx_word' id='word_1_107' title='bbox 725 2137 869 2200; x_wconf 71' lang='lat' dir='ltr'>ecclesiae</span> <span class='ocrx_word' id='word_1_108' title='bbox 881 2136 1060 2200; x_wconf 89' lang='lat' dir='ltr'>cellerarios</span> <span class='ocrx_word' id='word_1_109' title='bbox 1072 2138 1300 2216; x_wconf 88' lang='lat' dir='ltr'>etservientes,</span> 
     </span>
     <span class='ocr_line' id='line_1_17' title="bbox 247 2239 1302 2325; baseline 0.002 -23"><span class='ocrx_word' id='word_1_110' title='bbox 247 2239 434 2302; x_wconf 90' lang='lat' dir='ltr'>ambitionis</span> <span class='ocrx_word' id='word_1_111' title='bbox 459 2240 597 2322; x_wconf 89' lang='lat' dir='ltr'>quodam</span> <span class='ocrx_word' id='word_1_112' title='bbox 622 2249 750 2303; x_wconf 90' lang='lat' dir='ltr'>evectos</span> <span class='ocrx_word' id='word_1_113' title='bbox 775 2249 909 2302; x_wconf 90' lang='lat' dir='ltr'>coturno</span> <span class='ocrx_word' id='word_1_114' title='bbox 939 2240 1120 2324; x_wconf 89' lang='lat' dir='ltr'>objurgare,</span> <span class='ocrx_word' id='word_1_115' title='bbox 1147 2249 1181 2302; x_wconf 90' lang='lat' dir='ltr'>et</span> <span class='ocrx_word' id='word_1_116' title='bbox 1210 2241 1302 2325; x_wconf 90' lang='lat' dir='ltr'>quasi</span> 
     </span>
     <span class='ocr_line' id='line_1_18' title="bbox 248 2340 1302 2427; baseline 0.001 -22"><span class='ocrx_word' id='word_1_117' title='bbox 248 2365 307 2426; x_wconf 92' lang='lat' dir='ltr'>per</span> <span class='ocrx_word' id='word_1_118' title='bbox 322 2341 500 2405; x_wconf 91' lang='lat' dir='ltr'>dominium</span> <span class='ocrx_word' id='word_1_119' title='bbox 514 2340 601 2404; x_wconf 86' lang='lat' dir='ltr'>ultra</span> <span class='ocrx_word' id='word_1_120' title='bbox 615 2341 729 2404; x_wconf 90' lang='lat' dir='ltr'>domus</span> <span class='ocrx_word' id='word_1_121' title='bbox 752 2340 913 2404; x_wconf 89' lang='lat' dir='ltr'>sufficiens</span> <span class='ocrx_word' id='word_1_122' title='bbox 938 2341 1202 2420; x_wconf 85' lang='lat' dir='ltr'>stabilimentum,</span> <span class='ocrx_word' id='word_1_123' title='bbox 1227 2367 1302 2427; x_wconf 88' lang='lat' dir='ltr'>quae</span> 
     </span>
     <span class='ocr_line' id='line_1_19' title="bbox 248 2441 1301 2528; baseline 0.002 -22"><span class='ocrx_word' id='word_1_124' title='bbox 248 2443 367 2527; x_wconf 89' lang='lat' dir='ltr'>placita</span> <span class='ocrx_word' id='word_1_125' title='bbox 391 2443 509 2519; x_wconf 87' lang='lat' dir='ltr'>forent,</span> <span class='ocrx_word' id='word_1_126' title='bbox 540 2441 730 2506; x_wconf 89' lang='lat' dir='ltr'>auctoritate</span> <span class='ocrx_word' id='word_1_127' title='bbox 759 2465 817 2505; x_wconf 92' lang='lat' dir='ltr'>sua</span> <span class='ocrx_word' id='word_1_128' title='bbox 845 2442 1068 2527; x_wconf 90' lang='lat' dir='ltr'>intemptando</span> <span class='ocrx_word' id='word_1_129' title='bbox 1096 2454 1301 2528; x_wconf 89' lang='lat' dir='ltr'>extorquere.</span> 
     </span>
     <span class='ocr_line' id='line_1_20' title="bbox 252 2543 1303 2628; baseline 0.004 -22"><span class='ocrx_word' id='word_1_130' title='bbox 252 2544 318 2607; x_wconf 89' lang='lat' dir='ltr'>Sed</span> <span class='ocrx_word' id='word_1_131' title='bbox 331 2543 474 2607; x_wconf 84' lang='lat' dir='ltr'>ecclesiae</span> <span class='ocrx_word' id='word_1_132' title='bbox 490 2543 622 2628; x_wconf 88' lang='lat' dir='ltr'>provide</span> <span class='ocrx_word' id='word_1_133' title='bbox 642 2543 858 2607; x_wconf 88' lang='lat' dir='ltr'>renitentibus</span> <span class='ocrx_word' id='word_1_134' title='bbox 881 2544 1046 2622; x_wconf 89' lang='lat' dir='ltr'>ministris,</span> <span class='ocrx_word' id='word_1_135' title='bbox 1062 2544 1103 2607; x_wconf 93' lang='lat' dir='ltr'>ad</span> <span class='ocrx_word' id='word_1_136' title='bbox 1126 2569 1219 2609; x_wconf 90' lang='lat' dir='ltr'>aures</span> <span class='ocrx_word' id='word_1_137' title='bbox 1234 2558 1303 2610; x_wconf 87' lang='lat' dir='ltr'>tan-</span> 
     </span>
     <span class='ocr_line' id='line_1_21' title="bbox 249 2644 1303 2730; baseline 0.001 -22"><span class='ocrx_word' id='word_1_138' title='bbox 249 2645 323 2708; x_wconf 91' lang='lat' dir='ltr'>dem</span> <span class='ocrx_word' id='word_1_139' title='bbox 347 2644 495 2729; x_wconf 89' lang='lat' dir='ltr'>pervenit</span> <span class='ocrx_word' id='word_1_140' title='bbox 518 2644 690 2728; x_wconf 90' lang='lat' dir='ltr'>pontificis.</span> <span class='ocrx_word' id='word_1_141' title='bbox 737 2645 846 2711; x_wconf 83' lang='lat' dir='ltr'>Quem</span> <span class='ocrx_word' id='word_1_142' title='bbox 866 2644 969 2707; x_wconf 91' lang='lat' dir='ltr'>multa</span> <span class='ocrx_word' id='word_1_143' title='bbox 989 2656 1185 2709; x_wconf 90' lang='lat' dir='ltr'>commotum</span> <span class='ocrx_word' id='word_1_144' title='bbox 1198 2647 1303 2730; x_wconf 88' lang='lat' dir='ltr'>indig-</span> 
     </span>
     <span class='ocr_line' id='line_1_22' title="bbox 250 2745 1304 2822; baseline 0.001 -12"><span class='ocrx_word' id='word_1_145' title='bbox 250 2747 381 2810; x_wconf 88' lang='lat' dir='ltr'>natione</span> <span class='ocrx_word' id='word_1_146' title='bbox 415 2745 604 2809; x_wconf 87' lang='lat' dir='ltr'>venerabilis</span> <span class='ocrx_word' id='word_1_147' title='bbox 635 2747 764 2808; x_wconf 92' lang='lat' dir='ltr'>demum</span> <span class='ocrx_word' id='word_1_148' title='bbox 793 2747 891 2810; x_wconf 88' lang='lat' dir='ltr'>abbas</span> <span class='ocrx_word' id='word_1_149' title='bbox 925 2745 1016 2822; x_wconf 88' lang='lat' dir='ltr'>adiit,</span> <span class='ocrx_word' id='word_1_150' title='bbox 1045 2747 1170 2810; x_wconf 87' lang='lat' dir='ltr'>ratione</span> <span class='ocrx_word' id='word_1_151' title='bbox 1199 2749 1304 2812; x_wconf 90' lang='lat' dir='ltr'>virum</span> 
     </span>
     <span class='ocr_line' id='line_1_23' title="bbox 249 2846 1303 2932; baseline 0.002 -22"><span class='ocrx_word' id='word_1_152' title='bbox 249 2848 374 2932; x_wconf 89' lang='lat' dir='ltr'>placare</span> <span class='ocrx_word' id='word_1_153' title='bbox 415 2846 597 2931; x_wconf 89' lang='lat' dir='ltr'>temptavit.</span> <span class='ocrx_word' id='word_1_154' title='bbox 653 2846 721 2913; x_wconf 83' lang='lat' dir='ltr'>Qui</span> <span class='ocrx_word' id='word_1_155' title='bbox 758 2847 861 2910; x_wconf 85' lang='lat' dir='ltr'>furori</span> <span class='ocrx_word' id='word_1_156' title='bbox 901 2847 1021 2910; x_wconf 88' lang='lat' dir='ltr'>addens</span> <span class='ocrx_word' id='word_1_157' title='bbox 1060 2849 1303 2927; x_wconf 91' lang='lat' dir='ltr'>contumaciam,</span> 
     </span>
     <span class='ocr_line' id='line_1_24' title="bbox 250 2948 1305 3035; baseline 0.002 -23"><span class='ocrx_word' id='word_1_158' title='bbox 250 2949 373 3013; x_wconf 91' lang='lat' dir='ltr'>abbatis</span> <span class='ocrx_word' id='word_1_159' title='bbox 399 2949 557 3034; x_wconf 89' lang='lat' dir='ltr'>patientia</span> <span class='ocrx_word' id='word_1_160' title='bbox 580 2948 764 3012; x_wconf 90' lang='lat' dir='ltr'>nullatenus</span> <span class='ocrx_word' id='word_1_161' title='bbox 789 2948 931 3032; x_wconf 90' lang='lat' dir='ltr'>mitigari</span> <span class='ocrx_word' id='word_1_162' title='bbox 946 2949 1063 3033; x_wconf 89' lang='lat' dir='ltr'>potuit.</span> <span class='ocrx_word' id='word_1_163' title='bbox 1111 2950 1258 3035; x_wconf 89' lang='lat' dir='ltr'>Cumque</span> <span class='ocrx_word' id='word_1_164' title='bbox 1271 2963 1305 3015; x_wconf 91' lang='lat' dir='ltr'>et</span> 
     </span>
     <span class='ocr_line' id='line_1_25' title="bbox 250 3051 1306 3139; baseline 0.003 -25"><span class='ocrx_word' id='word_1_165' title='bbox 250 3051 572 3139; x_wconf 19' lang='lat' dir='ltr'>sibimet-dominium</span> <span class='ocrx_word' id='word_1_166' title='bbox 587 3073 738 3114; x_wconf 90' lang='lat' dir='ltr'>exercere</span> <span class='ocrx_word' id='word_1_167' title='bbox 753 3051 958 3128; x_wconf 88' lang='lat' dir='ltr'>comminans,</span> <span class='ocrx_word' id='word_1_168' title='bbox 975 3051 1009 3114; x_wconf 94' lang='lat' dir='ltr'>in</span> <span class='ocrx_word' id='word_1_169' title='bbox 1030 3051 1099 3136; x_wconf 90' lang='lat' dir='ltr'>ipsa</span> <span class='ocrx_word' id='word_1_170' title='bbox 1114 3052 1247 3116; x_wconf 90' lang='lat' dir='ltr'>ecclesia</span> <span class='ocrx_word' id='word_1_171' title='bbox 1267 3065 1306 3117; x_wconf 92' lang='lat' dir='ltr'>ut</span> 
     </span>
     <span class='ocr_line' id='line_1_26' title="bbox 250 3152 1305 3237; baseline 0.002 -21"><span class='ocrx_word' id='word_1_172' title='bbox 250 3153 285 3216; x_wconf 90' lang='lat' dir='ltr'>in</span> <span class='ocrx_word' id='word_1_173' title='bbox 298 3175 356 3215; x_wconf 86' lang='lat' dir='ltr'>sua</span> <span class='ocrx_word' id='word_1_174' title='bbox 370 3152 452 3216; x_wconf 89' lang='lat' dir='ltr'>velle</span> <span class='ocrx_word' id='word_1_175' title='bbox 475 3175 509 3215; x_wconf 90' lang='lat' dir='ltr'>se</span> <span class='ocrx_word' id='word_1_176' title='bbox 526 3153 656 3228; x_wconf 88' lang='lat' dir='ltr'>diceret,</span> <span class='ocrx_word' id='word_1_177' title='bbox 677 3154 775 3216; x_wconf 89' lang='lat' dir='ltr'>abbas</span> <span class='ocrx_word' id='word_1_178' title='bbox 796 3153 935 3228; x_wconf 84' lang='lat' dir='ltr'>restitit3</span> <span class='ocrx_word' id='word_1_179' title='bbox 962 3163 1101 3237; x_wconf 91' lang='lat' dir='ltr'>postque</span> <span class='ocrx_word' id='word_1_180' title='bbox 1116 3155 1233 3217; x_wconf 86' lang='lat' dir='ltr'>multas</span> <span class='ocrx_word' id='word_1_181' title='bbox 1248 3157 1305 3218; x_wconf 94' lang='lat' dir='ltr'>ob·</span> 
     </span>
     <span class='ocr_line' id='line_1_27' title="bbox 248 3252 1304 3338; baseline 0 -21"><span class='ocrx_word' id='word_1_182' title='bbox 248 3255 452 3338; x_wconf 88' lang='lat' dir='ltr'>jurgationes</span> <span class='ocrx_word' id='word_1_183' title='bbox 474 3254 609 3316; x_wconf 87' lang='lat' dir='ltr'>verbum</span> <span class='ocrx_word' id='word_1_184' title='bbox 634 3253 790 3316; x_wconf 91' lang='lat' dir='ltr'>oblivioni</span> <span class='ocrx_word' id='word_1_185' title='bbox 812 3275 878 3315; x_wconf 89' lang='lat' dir='ltr'>non</span> <span class='ocrx_word' id='word_1_186' title='bbox 902 3252 1094 3316; x_wconf 89' lang='lat' dir='ltr'>tradendum</span> <span class='ocrx_word' id='word_1_187' title='bbox 1120 3254 1304 3331; x_wconf 90' lang='lat' dir='ltr'>subintulit,</span> 
     </span>
     <span class='ocr_line' id='line_1_28' title="bbox 254 3353 1306 3440; baseline 0.001 -23"><span class='ocrx_word' id='word_1_188' title='bbox 254 3357 341 3440; x_wconf 89' lang='lat' dir='ltr'>quod</span> <span class='ocrx_word' id='word_1_189' title='bbox 364 3354 486 3418; x_wconf 89' lang='lat' dir='ltr'>scilicet</span> <span class='ocrx_word' id='word_1_190' title='bbox 511 3354 575 3438; x_wconf 90' lang='lat' dir='ltr'>ipsi</span> <span class='ocrx_word' id='word_1_191' title='bbox 601 3353 751 3438; x_wconf 91' lang='lat' dir='ltr'>episcopo</span> <span class='ocrx_word' id='word_1_192' title='bbox 776 3376 836 3416; x_wconf 90' lang='lat' dir='ltr'>nec</span> <span class='ocrx_word' id='word_1_193' title='bbox 859 3353 1011 3437; x_wconf 90' lang='lat' dir='ltr'>cuiquam</span> <span class='ocrx_word' id='word_1_194' title='bbox 1035 3376 1166 3417; x_wconf 89' lang='lat' dir='ltr'>suorum</span> <span class='ocrx_word' id='word_1_195' title='bbox 1192 3377 1232 3417; x_wconf 92' lang='lat' dir='ltr'>ne</span> <span class='ocrx_word' id='word_1_196' title='bbox 1247 3355 1306 3418; x_wconf 89' lang='lat' dir='ltr'>ali-</span> 
     </span>
     <span class='ocr_line' id='line_1_29' title="bbox 253 3455 1306 3540; baseline 0 -20"><span class='ocrx_word' id='word_1_197' title='bbox 253 3467 363 3521; x_wconf 89' lang='lat' dir='ltr'>menta</span> <span class='ocrx_word' id='word_1_198' title='bbox 386 3456 518 3540; x_wconf 91' lang='lat' dir='ltr'>quidem</span> <span class='ocrx_word' id='word_1_199' title='bbox 538 3465 615 3518; x_wconf 92' lang='lat' dir='ltr'>tunc</span> <span class='ocrx_word' id='word_1_200' title='bbox 636 3477 679 3518; x_wconf 85' lang='lat' dir='ltr'>ex</span> <span class='ocrx_word' id='word_1_201' title='bbox 696 3455 927 3518; x_wconf 87' lang='lat' dir='ltr'>consuetudine</span> <span class='ocrx_word' id='word_1_202' title='bbox 942 3455 1103 3518; x_wconf 89' lang='lat' dir='ltr'>darentur.</span> <span class='ocrx_word' id='word_1_203' title='bbox 1150 3455 1306 3522; x_wconf 83' lang='lat' dir='ltr'>Quicum</span> 
     </span>
     <span class='ocr_line' id='line_1_30' title="bbox 252 3557 1305 3642; baseline 0 -20"><span class='ocrx_word' id='word_1_204' title='bbox 252 3560 294 3622; x_wconf 87' lang='lat' dir='ltr'>ad</span> <span class='ocrx_word' id='word_1_205' title='bbox 306 3559 378 3623; x_wconf 84' lang='lat' dir='ltr'>haec</span> <span class='ocrx_word' id='word_1_206' title='bbox 393 3558 566 3642; x_wconf 79' lang='lat' dir='ltr'>exsanguis</span> <span class='ocrx_word' id='word_1_207' title='bbox 584 3579 679 3642; x_wconf 81' lang='lat' dir='ltr'>paene</span> <span class='ocrx_word' id='word_1_208' title='bbox 693 3557 725 3620; x_wconf 91' lang='lat' dir='ltr'>vi</span> <span class='ocrx_word' id='word_1_209' title='bbox 740 3557 809 3620; x_wconf 89' lang='lat' dir='ltr'>haec</span> <span class='ocrx_word' id='word_1_210' title='bbox 833 3567 1027 3642; x_wconf 90' lang='lat' dir='ltr'>extorquere</span> <span class='ocrx_word' id='word_1_211' title='bbox 1048 3559 1305 3638; x_wconf 87' lang='lat' dir='ltr'>comminaretur,</span> 
     </span>
     <span class='ocr_line' id='line_1_31' title="bbox 253 3659 1306 3746; baseline 0 -22"><span class='ocrx_word' id='word_1_212' title='bbox 253 3661 368 3725; x_wconf 92' lang='lat' dir='ltr'>abbate</span> <span class='ocrx_word' id='word_1_213' title='bbox 383 3684 401 3724; x_wconf 93' lang='lat' dir='ltr'>e</span> <span class='ocrx_word' id='word_1_214' title='bbox 420 3669 531 3725; x_wconf 89' lang='lat' dir='ltr'>contra</span> <span class='ocrx_word' id='word_1_215' title='bbox 545 3659 681 3724; x_wconf 88' lang='lat' dir='ltr'>viriliter</span> <span class='ocrx_word' id='word_1_216' title='bbox 695 3682 729 3722; x_wconf 91' lang='lat' dir='ltr'>se</span> <span class='ocrx_word' id='word_1_217' title='bbox 744 3669 810 3722; x_wconf 87' lang='lat' dir='ltr'>tam</span> <span class='ocrx_word' id='word_1_218' title='bbox 827 3659 938 3736; x_wconf 87' lang='lat' dir='ltr'>libere,</span> <span class='ocrx_word' id='word_1_219' title='bbox 955 3661 1224 3744; x_wconf 91' lang='lat' dir='ltr'>quemadmodum</span> <span class='ocrx_word' id='word_1_220' title='bbox 1237 3663 1306 3746; x_wconf 90' lang='lat' dir='ltr'>ipse</span> 
     </span>
     <span class='ocr_line' id='line_1_32' title="bbox 253 3761 1307 3847; baseline 0.001 -21"><span class='ocrx_word' id='word_1_221' title='bbox 253 3762 475 3847; x_wconf 89' lang='lat' dir='ltr'>episcopatum</span> <span class='ocrx_word' id='word_1_222' title='bbox 498 3785 602 3838; x_wconf 92' lang='lat' dir='ltr'>suurn,</span> <span class='ocrx_word' id='word_1_223' title='bbox 619 3762 753 3826; x_wconf 90' lang='lat' dir='ltr'>eandem</span> <span class='ocrx_word' id='word_1_224' title='bbox 776 3761 939 3824; x_wconf 89' lang='lat' dir='ltr'>abbatiam</span> <span class='ocrx_word' id='word_1_225' title='bbox 960 3761 1101 3845; x_wconf 86' lang='lat' dir='ltr'>regalem</span> <span class='ocrx_word' id='word_1_226' title='bbox 1128 3764 1307 3846; x_wconf 88' lang='lat' dir='ltr'>gubernare</span> 
     </span>
     <span class='ocr_line' id='line_1_33' title="bbox 255 3862 1306 3947; baseline -0.002 -19"><span class='ocrx_word' id='word_1_227' title='bbox 255 3864 443 3942; x_wconf 88' lang='lat' dir='ltr'>affirmante,</span> <span class='ocrx_word' id='word_1_228' title='bbox 459 3865 565 3928; x_wconf 92' lang='lat' dir='ltr'>denuo</span> <span class='ocrx_word' id='word_1_229' title='bbox 580 3886 654 3927; x_wconf 91' lang='lat' dir='ltr'>cum</span> <span class='ocrx_word' id='word_1_230' title='bbox 663 3873 875 3947; x_wconf 91' lang='lat' dir='ltr'>utrorumque</span> <span class='ocrx_word' id='word_1_231' title='bbox 890 3862 1065 3926; x_wconf 87' lang='lat' dir='ltr'>disceditur</span> <span class='ocrx_word' id='word_1_232' title='bbox 1079 3863 1306 3926; x_wconf 88' lang='lat' dir='ltr'>obstinatione.</span> 
     </span>
     <span class='ocr_line' id='line_1_34' title="bbox 257 3963 1309 4050; baseline -0.006 -18"><span class='ocrx_word' id='word_1_233' title='bbox 257 3965 406 4050; x_wconf 83' lang='lat' dir='ltr'>Cumque</span> <span class='ocrx_word' id='word_1_234' title='bbox 422 3965 462 4028; x_wconf 93' lang='lat' dir='ltr'>ad</span> <span class='ocrx_word' id='word_1_235' title='bbox 476 3965 554 4028; x_wconf 91' lang='lat' dir='ltr'>dicti</span> <span class='ocrx_word' id='word_1_236' title='bbox 568 3965 792 4049; x_wconf 87' lang='lat' dir='ltr'>probationem</span> <span class='ocrx_word' id='word_1_237' title='bbox 801 3965 970 4048; x_wconf 89' lang='lat' dir='ltr'>episcopus</span> <span class='ocrx_word' id='word_1_238' title='bbox 982 3986 1055 4026; x_wconf 91' lang='lat' dir='ltr'>curn</span> <span class='ocrx_word' id='word_1_239' title='bbox 1070 3963 1136 4026; x_wconf 90' lang='lat' dir='ltr'>suis</span> <span class='ocrx_word' id='word_1_240' title='bbox 1149 3963 1184 4026; x_wconf 89' lang='lat' dir='ltr'>in</span> <span class='ocrx_word' id='word_1_241' title='bbox 1200 3965 1309 4026; x_wconf 90' lang='lat' dir='ltr'>crasti-</span> 
     </span>
     <span class='ocr_line' id='line_1_35' title="bbox 255 4063 1309 4150; baseline -0.002 -19"><span class='ocrx_word' id='word_1_242' title='bbox 255 4089 334 4131; x_wconf 90' lang='lat' dir='ltr'>num</span> <span class='ocrx_word' id='word_1_243' title='bbox 348 4066 599 4150; x_wconf 89' lang='lat' dir='ltr'>perendinasset‚</span> <span class='ocrx_word' id='word_1_244' title='bbox 623 4064 737 4128; x_wconf 89' lang='lat' dir='ltr'>abbate</span> <span class='ocrx_word' id='word_1_245' title='bbox 762 4064 985 4128; x_wconf 89' lang='lat' dir='ltr'>inflexibiliter</span> <span class='ocrx_word' id='word_1_246' title='bbox 1008 4063 1201 4126; x_wconf 90' lang='lat' dir='ltr'>sententiam</span> <span class='ocrx_word' id='word_1_247' title='bbox 1214 4065 1309 4129; x_wconf 87' lang='lat' dir='ltr'>exitu</span> 
     </span>
     <span class='ocr_line' id='line_1_36' title="bbox 255 4165 1309 4250; baseline 0 -19"><span class='ocrx_word' id='word_1_248' title='bbox 255 4170 297 4232; x_wconf 90' lang='lat' dir='ltr'>ad</span> <span class='ocrx_word' id='word_1_249' title='bbox 320 4167 497 4231; x_wconf 90' lang='lat' dir='ltr'>multorum</span> <span class='ocrx_word' id='word_1_250' title='bbox 521 4165 555 4228; x_wconf 92' lang='lat' dir='ltr'>in</span> <span class='ocrx_word' id='word_1_251' title='bbox 580 4174 745 4250; x_wconf 90' lang='lat' dir='ltr'>posterum</span> <span class='ocrx_word' id='word_1_252' title='bbox 770 4165 945 4229; x_wconf 90' lang='lat' dir='ltr'>utilitatem</span> <span class='ocrx_word' id='word_1_253' title='bbox 960 4165 1177 4241; x_wconf 89' lang='lat' dir='ltr'>confirmante,</span> <span class='ocrx_word' id='word_1_254' title='bbox 1197 4165 1309 4232; x_wconf 89' lang='lat' dir='ltr'>minis-</span> 
     </span>
     <span class='ocr_line' id='line_1_37' title="bbox 256 4266 1308 4351; baseline -0.002 -19"><span class='ocrx_word' id='word_1_255' title='bbox 256 4284 380 4332; x_wconf 89' lang='lat' dir='ltr'>trorum</span> <span class='ocrx_word' id='word_1_256' title='bbox 395 4267 540 4331; x_wconf 90' lang='lat' dir='ltr'>ecclesiae</span> <span class='ocrx_word' id='word_1_257' title='bbox 556 4266 712 4351; x_wconf 90' lang='lat' dir='ltr'>obsequio</span> <span class='ocrx_word' id='word_1_258' title='bbox 727 4266 911 4344; x_wconf 90' lang='lat' dir='ltr'>destitutus,</span> <span class='ocrx_word' id='word_1_259' title='bbox 931 4267 1092 4330; x_wconf 88' lang='lat' dir='ltr'>incibatus</span> <span class='ocrx_word' id='word_1_260' title='bbox 1113 4267 1224 4330; x_wconf 90' lang='lat' dir='ltr'>horam</span> <span class='ocrx_word' id='word_1_261' title='bbox 1245 4267 1308 4330; x_wconf 91' lang='lat' dir='ltr'>ibi-</span> 
     </span>
    </p>
   </div>
   <div class='ocr_carea' id='block_1_5' title="bbox 258 4367 1308 4453">
    <p class='ocr_par' dir='ltr' id='par_1_5' title="bbox 258 4367 1308 4453">
     <span class='ocr_line' id='line_1_38' title="bbox 258 4367 1308 4453; baseline 0 -20"><span class='ocrx_word' id='word_1_262' title='bbox 258 4371 331 4433; x_wconf 92' lang='lat' dir='ltr'>dem</span> <span class='ocrx_word' id='word_1_263' title='bbox 353 4369 508 4453; x_wconf 89' lang='lat' dir='ltr'>transegit</span> <span class='ocrx_word' id='word_1_264' title='bbox 532 4368 711 4453; x_wconf 90' lang='lat' dir='ltr'>episcopus,</span> <span class='ocrx_word' id='word_1_265' title='bbox 736 4367 930 4450; x_wconf 88' lang='lat' dir='ltr'>demumque</span> <span class='ocrx_word' id='word_1_266' title='bbox 954 4368 981 4432; x_wconf 91' lang='lat' dir='ltr'>si</span> <span class='ocrx_word' id='word_1_267' title='bbox 1004 4369 1103 4432; x_wconf 92' lang='lat' dir='ltr'>libuit</span> <span class='ocrx_word' id='word_1_268' title='bbox 1117 4369 1179 4432; x_wconf 91' lang='lat' dir='ltr'>sibi</span> <span class='ocrx_word' id='word_1_269' title='bbox 1194 4380 1228 4433; x_wconf 93' lang='lat' dir='ltr'>et</span> <span class='ocrx_word' id='word_1_270' title='bbox 1242 4371 1308 4433; x_wconf 91' lang='lat' dir='ltr'>suis</span> 
     </span>
    </p>
   </div>
   <div class='ocr_carea' id='block_1_6' title="bbox 0 0 1664 5162">
    <p class='ocr_par' dir='ltr' id='par_1_6' title="bbox 0 0 1664 5162">
     <span class='ocr_line' id='line_1_39' title="bbox 0 0 1664 5162; baseline 0 0"><span class='ocrx_word' id='word_1_271' title='bbox 0 0 1664 5162; x_wconf 95' lang='lat' dir='ltr'> </span> 
     </span>
    </p>
   </div>
  </div>
 </body>
</html>
