3260 5172
539 607 762 660 MONASTERII
787 607 836 658 DE
858 608 981 660 BELLO.
1254 594 1292 654 ll

240 752 322 838 feld]
347 755 447 819 habet
461 779 521 820 sex
534 757 682 840 virgatas.
728 757 769 820 In
793 756 990 821 Peneherste
1015 757 1115 821 habet
1130 755 1297 822 dimidiam

237 855 355 920 hidam.
404 857 446 920 In
470 857 552 930 Hou
573 858 673 921 habet
693 858 859 922 dimidiam
881 858 1000 922 hidam.
1046 857 1086 921 In
1110 857 1296 922 Philesham

238 953 338 1018 habet
351 977 450 1018 unam
458 955 623 1038 virgatam.
669 955 710 1020 In
727 955 943 1020 Cattesfelde¹
957 956 1058 1020 habet
1071 967 1136 1020 tres
1144 957 1294 1041 virgatas.

241 1053 481 1122 lnBulintune
503 1057 603 1121 habet
628 1058 707 1121 duas
729 1057 832 1135 hidas,
856 1081 922 1121 una
941 1059 1063 1142 virgata
1083 1058 1200 1122 minus.
1254 1058 1295 1123 In

241 1156 412 1222 Croherste
423 1158 521 1222 habet
536 1181 633 1223 unam
647 1159 812 1244 virgatam.
858 1159 899 1224 In
909 1157 1184 1244 Wiltingeshabet
1197 1183 1295 1225 unam

240 1259 405 1343 virgatam.
450 1261 491 1324 In
507 1260 690 1326 Holinttme
705 1263 805 1325 habet
818 1284 916 1326 unam
930 1262 1112 1346 virgatam.²

284 1360 435 1427 Summa:
461 1363 530 1426 Sex
544 1363 648 1427 hidae³
665 1373 699 1427 et
714 1363 846 1428 dimidia
859 1363 992 1447 virgata.

283 1463 404 1528 Omnes
418 1465 490 1528 istae
505 1476 601 1530 terrae
617 1476 693 1530 sunt
707 1465 793 1529 infra
807 1465 935 1550 leugam
949 1465 1033 1528 siout
1048 1465 1172 1528 dictum
1186 1476 1245 1544 est,
1262 1477 1296 1530 et

240 1565 280 1628 de
303 1566 353 1632 his
376 1567 470 1631 terris
496 1569 673 1653 composita
696 1579 746 1632 est
767 1568 838 1652 ipsa
860 1568 965 1650 leuga,
981 1588 1079 1649 quam
1100 1567 1235 1630 eeclesia
1256 1569 1295 1632 de

241 1668 334 1733 Bello
362 1671 517 1755 possidet,
549 1695 647 1757 quam
673 1671 772 1734 etiam
801 1693 863 1734 rex
884 1669 1072 1732 Willelmus
1102 1669 1237 1734 liberam
1263 1681 1297 1734 et

240 1772 384 1857 quietam
410 1775 450 1839 ab
469 1773 558 1838 omni
579 1773 814 1838 consuetudine
838 1782 975 1836 terrenae
997 1771 1173 1850 servitutis,
1199 1782 1233 1836 et
1254 1774 1296 1838 ab

241 1875 328 1938 omni
357 1875 558 1960 subjectione
587 1876 823 1960 episcoporum,
847 1885 881 1938 et
907 1874 1048 1938 maxime
1072 1875 1296 1958 episcoporum

243 1975 419 2054 Cieestriae,
440 1997 499 2040 seu
522 1977 657 2040 aliarum
680 1975 901 2061 quarumlibet
921 1997 1132 2059 personarum
1154 1976 1297 2039 domina·

242 2076 332 2140 tione
356 2086 390 2140 et
421 2077 627 2162 oppressione
652 2077 704 2140 vel
735 2076 915 2152 exactione,
941 2075 1026 2138 siout
1049 2098 1146 2160 supra
1174 2077 1297 2141 dictum

244 2187 304 2254 est,
319 2177 410 2256 fecit,
426 2188 460 2242 et
475 2188 562 2242 carta
576 2200 634 2241 sua
646 2177 854 2242 confirmavit.

286 2279 370 2345 Octo
384 2281 496 2364 itaque
511 2280 644 2364 virgatae
668 2301 766 2344 unam
781 2279 889 2342 hidam
910 2278 1061 2344 faciunt*
1098 2277 1207 2344 Wista
1220 2304 1297 2347 vero

242 2393 383 2468 quatuor
401 2382 534 2466 virgatis
558 2392 692 2446 constat.
743 2381 856 2465 Leuga
881 2391 991 2446 autem
1015 2381 1153 2467 Angliea
1176 2384 1297 2450 duode-

130 2561 133 2564 .
242 2485 304 2550 cim
330 2483 550 2569 quarenteinis
575 2484 753 2548 conficitur.
812 2483 1035 2550 Quarenteina
1059 2507 1134 2548 vero
1162 2487 1297 2570 quadra-

241 2587 332 2671 ginta
346 2586 488 2671 perticis,
534 2585 662 2650 Pertica
674 2586 773 2650 habet
791 2584 1003 2667 longitudinis
1026 2586 1166 2650 sedecim
1187 2589 1296 2672 pedes.

244 2688 329 2752 Aera
349 2689 449 2752 hahet
469 2689 505 2752 in
530 2688 734 2774 longitudine
757 2686 971 2769 quadraginta
993 2686 1142 2770 perticas,
1158 2699 1193 2751 et
1219 2712 1297 2774 qua-

243 2799 317 2854 tuor
331 2790 366 2854 in
379 2790 562 2855 latitudine.
608 2789 709 2857 Quod
733 2789 760 2851 si
784 2787 936 2851 habuerit
958 2787 1075 2870 viginti
1099 2787 1135 2852 in
1157 2788 1299 2874 longitu-

244 2891 330 2970 dine,
346 2892 479 2956 habebit
494 2903 567 2956 octo
579 2892 615 2955 in
629 2891 813 2969 latitudine,
830 2901 864 2954 et
879 2891 924 2956 sic
938 2913 996 2974 per
1009 2889 1145 2975 reliqua.

287 2991 339 3056 De
364 2993 443 3058 foris
466 2993 666 3080 Bodeherste
691 2993 905 3057 adorientem
928 3002 977 3056 est
1000 2993 1157 3056 terminus
1179 2992 1296 3078 leugae,

238 3095 338 3180 juxta
363 3105 481 3159 terram
506 3095 661 3160 Rotberti
687 3094 796 3172 Bovis,
830 3105 864 3158 et
903 3094 1021 3159 transit
1049 3095 1149 3179 juxta
1181 3106 1299 3161 terram

244 3194 380 3278 Rogerii
395 3196 501 3274 Moin,
517 3219 621 3280 usque
647 3197 688 3258 ad
703 3195 895 3272 Hecilande,
911 3205 946 3260 et
966 3194 1104 3258 includit
1119 3195 1299 3263 Hecilande

241 3297 341 3382 juxta
369 3306 487 3360 terram
513 3296 674 3360 Willelmi
701 3295 763 3358 filii
792 3295 948 3360 Rotberti
980 3296 1041 3358 filii
1069 3297 1232 3375 widonis,
1266 3309 1300 3362 et

244 3407 362 3460 terram
386 3397 425 3460 de
453 3397 635 3473 Croherste‚
659 3396 701 3459 ad
725 3395 902 3458 meridiem.
958 3395 1040 3458 Inde
1064 3396 1180 3458 transit
1200 3397 1301 3482 juxta

245 3509 362 3562 terram
376 3499 415 3562 de
432 3484 640 3575 Cattesfelde,
668 3507 702 3559 et
721 3518 780 3580 per
795 3495 981 3574 Puohehole
1005 3519 1109 3581 usque
1133 3497 1175 3560 ad
1189 3497 1299 3563 West-

242 3601 332 3679 bece,
344 3602 444 3686 juxta
467 3610 585 3663 terram
600 3599 639 3662 de
655 3597 831 3676 Bodeham,
847 3598 888 3661 ad
914 3598 1123 3663 occidentem.
1169 3599 1298 3665 Deinde

243 3702 417 3786 pertransit
431 3703 531 3788 juxta
552 3710 671 3764 terram
686 3701 725 3764 de
741 3697 890 3764 Itintune
910 3723 1014 3786 usque
1037 3701 1078 3764 ad
1099 3701 1296 3786 aquilonem.

278 3874 286 3912 ¹
306 3874 444 3928 Oedesfeld
455 3875 483 3928 in
494 3873 539 3927 the
552 3873 660 3944 Survey.
791 3881 920 3944 portenae,
940 3892 968 3927 as
987 3875 1095 3996 tendinp
1114 3887 1141 3927 to
1162 3875 1234 3928 show
1252 3874 1297 3928 the

259 3945 288 4025 ι’
306 3945 383 3998 With
406 3945 451 3998 the
471 3945 609 4014 exception
629 3943 744 4025 lf.W³'
791 3945 1069 3997 messurementoflan
1096 3944 1293 4024 inthiseounty.

244 4013 746 4153 {ittitaliltlt’gulllllflth
792 4013 999 4154 ilel'll'l'ldls
1016 4013 1295 4152 {stultiut

245 4153 275 4206 of
284 4152 335 4206 Eu.
793 4151 876 4204 words
896 4152 959 4204 hida
977 4152 1028 4204 and
1048 4151 1123 4203 vista
1142 4151 1208 4204 have
1229 4151 1295 4204 been

279 4227 289 4257 ³
307 4222 364 4276 The
375 4222 477 4295 printed
494 4221 644 4292 Doomsdsy
655 4221 745 4272 makes
794 4221 966 4290 transposedl
1006 4222 1032 4274 A
1051 4220 1119 4273 little
1139 4221 1238 4274 further
1262 4239 1295 4274 on

243 4291 288 4345 the
310 4311 369 4346 sum
392 4303 445 4357 two
466 4291 541 4344 hides
565 4291 616 4344 and
639 4308 656 4343 a
673 4289 731 4342 half
739 4307 747 4354 3
794 4289 839 4342 the
851 4291 936 4342 writer
943 4307 1012 4360 say,
1022 4290 1077 4344 thet
1089 4291 1117 4344 in
1125 4309 1197 4344 some
1208 4290 1296 4362 places

243 4362 331 4416 unless
350 4363 371 4415 it
383 4360 648 4432 beatypogmphioal
661 4377 739 4412 error.
796 4359 841 4412 the
853 4359 937 4412 words
957 4361 1032 4413 vista
1052 4361 1104 4414 and
1129 4362 1227 4433 virgata
1250 4379 1295 4414 are

277 4433 288 4464 ⁴
307 4432 371 4486 'l'his
387 4433 409 4486 is
425 4449 559 4503 epassege
571 4430 601 4484 of
615 4438 687 4500 great
699 4429 748 4482 im·
798 4429 862 4484 used
875 4430 1080 4502 synonimously.
