3240 5154
331 510 394 571 188
762 521 961 572 srrmrx.

329 683 558 748 monasterium
583 683 692 768 ipsum
717 682 892 768 multiplici
914 681 1066 745 libertate
1090 681 1246 745 donatum
1268 693 1391 765 propo·

330 795 430 858 nebat
452 795 514 858 sibi
529 817 598 858 esse
612 795 808 880 subjectum,
823 794 955 857 demum
969 792 1005 856 in
1026 792 1190 878 presentia
1203 791 1298 856 clarae
1320 814 1392 855 me-

330 895 443 960 moriae
461 894 508 960 H.
529 896 632 980 Regis
647 895 780 980 Angliae
796 906 832 959 et
846 895 887 959 Τ.
903 893 1004 958 Cant.
1015 893 1249 978 archiepiscopi
1266 902 1389 957 metro·

330 996 467 1082 politani
489 997 541 1060 sui
561 997 748 1082 apostolica
769 997 854 1061 sedis
875 995 976 1081 legati
995 1005 1030 1058 et
1048 995 1187 1059 aliorum
1207 995 1403 1058 multorum·

330 1098 456 1162 dictum
484 1097 716 1163 monasterium
744 1099 785 1162 ab
815 1097 904 1163 omni
928 1096 1157 1181 jurisdictione
1186 1117 1246 1159 stra
1273 1107 1309 1159 et
1332 1118 1387 1160 ec·
1522 1169 1524 1174 ,
1614 1169 1616 1188 .

330 1200 437 1264 clesiae
456 1199 622 1265 Cicestriae
641 1199 712 1264 fore
733 1200 874 1264 liberum
891 1197 1090 1284 recognovit,
1111 1207 1146 1262 et
1164 1197 1253 1282 quod
1273 1197 1322 1261 ibi
1341 1220 1389 1261 ex

329 1302 440 1366 debito
460 1302 618 1387 hospitari
636 1324 704 1365 non
724 1309 852 1386 poterat
874 1300 925 1364 vel
940 1301 1115 1385 quicquam
1132 1300 1313 1385 disponere,
1327 1310 1390 1362 aut

329 1425 480 1467 exercere
510 1403 715 1490 episcopalia,
746 1401 908 1466 celebrare
944 1389 1083 1478 ordines,
1115 1423 1174 1465 seu
1201 1400 1387 1465 cathedram

330 1504 486 1569 collocare
508 1507 571 1570 nisi
593 1507 634 1570 de
655 1505 781 1570 abbatis
803 1514 839 1568 et
863 1513 1042 1568 conventus
1066 1503 1168 1588 ipsius
1195 1503 1385 1566 monasterii

330 1608 518 1693 procederet
536 1608 721 1687 voluntate;
736 1610 831 1694 cujus
849 1606 1104 1692 recognitionem
1112 1605 1385 1690 metropolitanus

329 1709 589 1795 archiepiscopus
629 1710 823 1774 auctoritate
860 1709 1038 1795 apostolica
1075 1717 1110 1772 et
1145 1707 1385 1793 metropolitica

331 1811 571 1896 comprobavit3
587 1810 658 1875 Nos
672 1812 1027 1897 ergo-confirmamus.

828 1987 893 2052 VI.

330 2132 585 2216 Corfinnctioncs
611 2136 781 2200 motata
801 2135 1040 2220 Arclicpiecopi
1073 2135 1255 2198 cantuaria
1288 2156 1386 2219 aitpcr

371 2237 568 2301 immunitato
595 2261 617 2300 a
644 2239 830 2323 mljectionc
851 2238 1007 2322 Episcopi
1037 2236 1385 2320 Cicutio—Regis·

237 2363 241 2370 ·
372 2345 455 2400 tmm
468 2340 508 2402 dc
521 2338 626 2416 Bello,
641 2363 674 2424 p.
693 2341 768 2405 155.

372 2486 579 2550 Theobaldus
594 2486 660 2550 Dei
673 2488 779 2572 gratia
791 2487 1061 2575 archiepiscopus,
1078 2491 1139 2554 &a

370 2587 498 2652 Notum
522 2588 607 2652 facio
628 2591 717 2674 quod
739 2613 846 2656 coram
869 2591 999 2655 domino
1029 2603 1139 2656 nostro
1160 2591 1206 2656 H.
1228 2615 1302 2676 rege
1327 2614 1381 2654 me
1436 2621 1439 2628 ·

327 2699 476 2775 presente
496 2699 531 2753 et
544 2690 784 2778 archiepiscopo
798 2691 901 2756 Ebor.
917 2693 1050 2776 Rogero
1069 2703 1105 2756 et
1124 2692 1196 2780 aliis
1210 2692 1383 2778 quamplu-

327 2791 418 2856 rimis
432 2791 630 2877 coepiscopis
645 2804 679 2856 et
692 2793 876 2872 abbatibus,
892 2805 926 2857 et
939 2794 1054 2879 populi
1067 2794 1279 2858 multitudine
1294 2795 1382 2880 apud

329 2893 568 2970 colecestriam,
584 2894 743 2957 discordia
757 2915 832 2979 quae
847 2907 917 2958 crat
930 2895 1016 2958 inter
1029 2895 1245 2960 venerabilem
1265 2893 1392 2980 Hylla'

327 2996 413 3059 rium
438 2994 616 3078 Cyccstriae
646 2995 844 3080 episcopum,
875 3007 910 3060 et
942 2997 1127 3060 Walterum
1155 2998 1305 3062 abbatem
1339 2999 1381 3061 de

329 3095 423 3159 Bello
435 3094 486 3158 'de
509 3094 722 3178 dignitatibus
744 3108 779 3159 et
795 3095 1002 3161 libertatibus
1025 3098 1231 3162 ecclesiarum
1249 3121 1381 3162 suarum

327 3199 367 3262 ad
382 3197 470 3283 pacis
485 3197 687 3261 concordiam
701 3199 857 3283 perducta
870 3198 924 3277 sit,
943 3210 978 3264 et
991 3200 1051 3263 hoc
1065 3202 1172 3264 modo.
1196 3201 1380 3287 Episcopus

329 3299 494 3364 Ciccstriae
507 3298 665 3384 Hylarius
687 3310 847 3364 cartarum
859 3301 1050 3365 auctoritate
1065 3303 1210 3367 ecclesiae
1221 3304 1261 3367 de
1273 3303 1380 3380 Bello,

326 3403 488 3488 simulque
508 3401 633 3465 ratione
652 3413 797 3486 cogente,
812 3403 906 3467 nobis
926 3403 1076 3467 omnibus
1094 3404 1312 3482 audientibus,
1329 3426 1381 3466 ec-

328 3504 456 3568 clesiam
471 3504 510 3567 de
530 3503 634 3581 Bello,
650 3514 685 3567 et
698 3505 861 3568 abbatiam
879 3527 953 3568 cum
967 3505 1063 3589 leuga
1077 3505 1323 3592 circumjacente
1337 3507 1379 3570 ab

327 3605 416 3670 omni
430 3605 631 3690 subjectione
653 3615 687 3669 et
702 3606 871 3670 exactione
888 3606 1097 3671 cicestrensis
1118 3609 1323 3673 ecclesiarum
1344 3619 1380 3673 et

327 3705 482 3792 Episcopi
503 3706 646 3791 quietam
664 3707 872 3791 proclamavit
887 3718 921 3772 et
934 3708 1080 3786 liberam,
1102 3731 1209 3793 neque
1223 3710 1380 3796 hospitari

328 3808 422 3895 quasi
443 3830 486 3871 ex
508 3809 740 3872 consuetudine
762 3809 796 3872 in
815 3810 928 3873 cadem
949 3811 1078 3875 abbatia
1098 3811 1150 3874 vel
1172 3811 1208 3874 in
1229 3812 1382 3877 maneriis

327 3911 432 3976 eidem
458 3909 601 3974 ecclcsiae
629 3910 880 3995 pertinentibus,
909 3934 969 3976 nec
998 3913 1173 3997 quicquam
1197 3913 1378 3998 disponere,

326 4013 378 4101 rel
401 4012 558 4099 quaelibet
580 4012 627 4075 ibi
652 4013 805 4098 prosequi
826 4013 1030 4099 episcopalia,
1052 4036 1161 4098 neque
1182 4013 1305 4076 ibidem
1329 4037 1381 4078 or-

220 4125 223 4130 '
326 4113 417 4180 dines
440 4114 557 4191 facere,
581 4137 641 4178 nec
670 4115 853 4179 cathedram
877 4114 1043 4192 collocare,
1069 4125 1188 4200 praeter
1214 4114 1380 4180 licentiam

327 4217 453 4284 abbatis
474 4225 508 4280 et
528 4215 768 4294 monachorum,
794 4239 828 4280 sc
851 4239 944 4301 posse
965 4217 1017 4282 vel
1038 4217 1156 4282 debere
1179 4226 1380 4281 contestatus

327 4330 385 4384 est.
432 4317 531 4384 Quod
541 4318 814 4404 'ego-confirmo.
