3278 5162
323 542 365 604 58
619 558 789 609 HISTORIA
816 556 1063 607 FUNDATIONIS

322 709 504 792 adquisitae,
520 730 661 790 congrue
676 718 714 771 ut
729 709 858 771 deceret
872 730 938 770 non
951 707 1219 784 recondebantur,
1238 708 1279 770 de
1295 719 1376 792 quo&

322 811 458 874 rundam
485 809 748 894 philacteriorum
777 809 898 872 catenis
928 810 1033 873 aureis
1061 810 1113 873 vel
1147 811 1307 893 argenteis
1335 833 1376 873 ne

324 913 464 996 quando,
475 921 513 975 ut
526 924 601 976 ante
617 913 678 976 hoc
692 913 883 989 factumest,
900 912 984 976 forte
1000 912 1263 988 distraherentur,
1276 922 1376 974 terras

325 1037 429 1077 emere
444 1015 542 1078 abbas
557 1037 630 1077 cum
645 1015 808 1078 monachis
822 1015 972 1078 decrevit.
1019 1015 1096 1080 Quo
1109 1015 1206 1091 facto,
1228 1037 1268 1076 ne
1289 1037 1378 1076 sanc-

325 1127 432 1180 torum
446 1117 581 1201 pignora
603 1118 713 1181 debito
736 1127 880 1182 carerent
905 1118 1078 1195 domicilio,
1096 1118 1252 1180 feretrum
1275 1117 1378 1200 quod-

325 1218 398 1281 dam
420 1241 498 1282 auro
513 1229 712 1302 argentoque
734 1229 768 1282 et
790 1219 939 1304 pretiosis
961 1219 1095 1303 gemmis
1119 1241 1216 1302 opere
1242 1218 1377 1280 mirifico

326 1319 533 1382 fabrifactum
546 1320 698 1383 decenter
712 1319 798 1384 idem
813 1321 911 1382 abbas
926 1329 960 1382 et
974 1319 1121 1382 monachi
1136 1320 1207 1383 fieri
1221 1320 1377 1382 fecemnt.

326 1423 403 1489 Quo
418 1421 572 1506 perfecto,
589 1421 760 1484 adveniens
768 1421 846 1484 illuc
856 1421 1032 1506 praedictus
1046 1421 1238 1485 venerabilis
1253 1421 1377 1484 Radul-
1411 1455 1413 1460 v

324 1525 377 1588 fus
393 1523 601 1587 Cicestrensis
613 1523 782 1608 episcopus
796 1523 953 1586 feretrum
966 1522 1149 1600 benedixit,
1166 1522 1328 1586 collocatis
1342 1522 1377 1584 in

324 1627 437 1690 eodem
472 1625 647 1689 honorifice
684 1625 800 1688 sanctis
841 1634 1023 1688 sanctorum
1064 1624 1221 1709 reliquiis,
1259 1645 1377 1708 easque

323 1727 444 1792 ibidem
470 1726 637 1790 annuatim
650 1725 891 1810 requirentibus
907 1734 1031 1809 septem
1047 1725 1115 1788 dies
1130 1726 1169 1789 de
1184 1723 1378 1810 poenitentia

323 1828 469 1892 indulsit.

162 1937 312 1978 'rhebnunda-
368 1929 462 1993 Tunc
477 1927 632 2013 temporis
654 1928 803 2013 plerique
826 1927 1005 1992 vicinorum
1032 1927 1160 2011 leugam
1184 1929 1266 1992 circa
1280 1928 1380 1991 eccle-

162 1989 203 2028 ries
211 1988 235 2028 of
241 1989 277 2028 the

163 2039 298 2128 {iffiffl'
325 2033 404 2098 siam
433 2033 472 2096 de
502 2031 568 2094 suis
599 2031 692 2094 terris
718 2041 827 2093 tenere
859 2031 1007 2115 quaedam
1044 2031 1224 2112 conquesti,
1262 2031 1380 2114 saepius

162 2137 291 2238 fflfn‘l
324 2135 475 2199 abbatem
497 2143 531 2196 et
545 2133 716 2196 monachos
738 2132 961 2195 calumniando
985 2133 1237 2195 commovebant.
1283 2131 1379 2194 Unde

324 2238 448 2300 factum
463 2244 522 2312 est,
538 2245 577 2298 ut
590 2234 688 2318 regiis
702 2233 761 2296 hac
788 2232 990 2316 querimonia
1015 2231 1105 2294 illata
1128 2232 1270 2311 auribus,
1294 2255 1380 2296 com-

325 2339 416 2402 muni
438 2336 571 2401 consilio
592 2335 719 2418 leugam
744 2333 891 2396 funiculo
917 2332 1025 2395 metiri
1052 2333 1256 2416 oportuisset.
1302 2333 1379 2398 Quo

325 2449 466 2524 peracta,
483 2437 625 2501 ecclesiae
642 2435 774 2519 quidem
789 2437 897 2498 omnia
912 2455 986 2517 quae
1009 2443 1104 2496 antea
1126 2435 1322 2519 possederat,
1346 2444 1380 2496 et

326 2542 475 2624 quaedam
489 2539 587 2603 etiam
602 2560 646 2600 ex
659 2537 807 2622 pluribus
817 2536 964 2620 partibus
978 2536 1084 2618 leugae
1099 2536 1246 2599 funiculo
1258 2537 1380 2599 dimen-

325 2642 422 2706 sionis
447 2641 569 2705 inclusa
594 2661 727 2716 cessere,
754 2639 864 2723 sicque
891 2638 996 2722 sopita
1015 2637 1073 2700 hac
1096 2637 1307 2721 querimonia,
1332 2637 1379 2700 ita

326 2745 438 2807 eadem
453 2765 556 2826 usque
571 2740 666 2804 hodie
681 2741 783 2804 libere
797 2739 941 2824 possidet
956 2749 989 2802 et
1005 2739 1139 2823 quiete.¹

164 2857 298 2947 ntegrum
370 2846 453 2909 Cum
467 2845 579 2928 igitur
593 2842 783 2905 omnimodis
810 2841 870 2905 sub
896 2841 1072 2903 venerabili
1094 2841 1210 2904 abbate
1236 2841 1379 2905 Radulfo

165 2907 293 3007 {rafidim
326 2947 437 3010 eadem
452 2945 585 3008 ecclesia
607 2944 743 3007 interius
767 2943 977 3027 exteriusque
1000 2953 1225 3020 succresceret,
1251 2954 1284 3007 et
1304 2967 1379 3029 pro-

164 3008 313 3097 &dellius
327 3057 508 3132 speraretur
536 3045 745 3121 utilitatibus,
776 3044 858 3107 nulli
889 3054 927 3106 ut
949 3044 1189 3128 praelibavimus
1211 3047 1377 3130 religione,

329 3145 536 3232 caritatisque
559 3146 739 3210 exibitione
763 3145 915 3230 gratuita,
932 3157 1051 3230 praeter
1066 3157 1197 3210 caeteras
1220 3149 1378 3211 virtutum

326 3251 427 3328 dotes,
443 3251 621 3313 habebatur
636 3249 785 3312 secunda.
829 3247 954 3311 Verum
969 3249 1055 3310 idem
1077 3249 1176 3311 abbas
1191 3249 1381 3313 venerabilis

326 3354 439 3417 domus
466 3351 531 3415 Dei
556 3351 734 3415 delectatus
763 3350 876 3412 decore
910 3348 1077 3412 ecclesiam
1110 3351 1211 3433 ipsam
1245 3352 1379 3436 plumbo

326 3456 476 3520 decenter
490 3453 625 3538 operire,
643 3453 730 3536 quod
744 3451 909 3514 residuum
931 3460 1000 3513 erat
1024 3473 1191 3516 murorum
1216 3453 1250 3516 in
1273 3454 1380 3536 girum

326 3565 521 3631 construere,
537 3554 635 3617 curiae
659 3553 799 3636 spatium
822 3553 974 3658 dilatarq
984 3553 1075 3615 novis
1091 3555 1227 3618 eandem
1249 3554 1380 3618 fabricis

326 3666 506 3739 augustare,
533 3655 711 3736 domusque
741 3663 861 3716 statum
886 3641 1174 3718 consuetudinibus
1196 3655 1379 3740 praecipuis,

325 3757 485 3841 variisque
512 3755 706 3820 ornamentis
731 3777 805 3837 quae
835 3755 876 3816 ad
908 3755 1061 3818 honorem
1088 3754 1153 3817 Dei
1175 3757 1287 3820 haberi
1313 3766 1382 3819 erat

326 3882 464 3936 necesse,
481 3857 610 3922 omnino
624 3879 683 3942 per
698 3879 731 3920 se
746 3878 885 3939 suosque
901 3857 1028 3919 studuit
1047 3856 1271 3941 multipliciter
1285 3880 1380 3920 exor-

326 3985 412 4024 nare.
459 3961 621 4024 Praeterea
634 3959 685 4022 his
701 3978 775 4042 quae
790 3958 869 4022 soris
884 3968 961 4020 sunt
975 3959 1054 4022 adeo
1077 3958 1258 4042 invigilans,
1282 3981 1379 4042 quam

327 4063 482 4126 sollicitus
502 4061 679 4124 animarum
693 4059 914 4144 procuraverit
928 4059 1076 4138 salutem,
1094 4059 1205 4144 lingua
1226 4061 1276 4123 vel
1297 4061 1380 4123 cala-

326 4189 379 4229 mo
402 4166 640 4240 succumbente,
665 4163 776 4250 paucis
802 4163 916 4226 saltem
940 4172 1185 4226 commemorare
1210 4183 1380 4225 onerosum

504 4367 512 4398 ¹
531 4366 579 4417 See
592 4365 620 4417 N
622 4364 756 4418 ewcome’s
766 4364 875 4432 History
888 4363 917 4418 of
925 4362 964 4415 St.
975 4362 1093 4431 Albeu's,
1104 4380 1129 4432 p.
1143 4364 1203 4414 208.
