3240 5154
521 539 743 592 uounsrran
769 542 818 591 on
843 543 969 593 entre.
1215 529 1276 592 159

221 691 345 754 monita
371 713 437 754 non
460 691 672 776 negligerent,
698 693 769 777 ejus
794 693 945 777 exemplo
973 693 1078 755 vivere
1104 693 1278 756 contende-

220 802 305 871 rent,
327 815 370 856 ex
394 793 515 877 quibus
539 794 688 858 omnibus
712 816 819 858 coram
845 794 918 858 Deo
943 795 1089 879 gratiam,
1114 805 1148 858 et
1170 817 1278 858 coram

221 893 407 959 hominibus
436 895 591 962 honorem
625 896 838 982 proculdubio
872 897 1064 961 invenirent.
1118 897 1276 982 Suscepe-

220 1007 299 1060 runt
312 997 361 1060 issi
375 996 438 1062 sibi
453 999 619 1062 dimissum
633 1008 787 1083 tanquam
802 999 957 1066 divinitus
972 1000 1093 1078 datum,
1101 1001 1170 1086 jam
1185 1010 1276 1063 tanto

221 1097 372 1177 laetiores,
397 1111 520 1184 quanto
543 1101 582 1164 de
611 1101 682 1186 ipso
706 1101 868 1180 certiores,
893 1103 1006 1166 dantes
1031 1101 1104 1165 Deo
1129 1101 1275 1186 gloriam,

112 1194 115 1198 ’
219 1200 348 1285 ipsique
370 1203 585 1266 omnimodam
602 1202 809 1267 dilectionem
829 1205 1055 1289 promittentes
1075 1215 1109 1268 et
1123 1204 1276 1268 obedien-

220 1302 308 1366 tiam.

262 1403 379 1468 Paucis
400 1405 515 1470 diebus
534 1407 743 1492 postmodum
766 1407 919 1486 decursis,
935 1408 1005 1493 ipse
1026 1408 1176 1472 omnibus
1190 1409 1276 1472 vale·
1289 1433 1334 1494 0510
1342 1434 1402 1474 tare.

217 1505 337 1584 dicens,
367 1530 433 1571 non
461 1509 531 1572 sine
561 1509 672 1573 dolore
702 1509 848 1573 omnium
870 1519 936 1573 tam
966 1511 1195 1574 monachorum
1216 1511 1276 1574 sci·
1289 1485 1409 1575 iiiiiiyw

217 1608 304 1686 licet,
334 1632 432 1693 quarn
470 1620 505 1673 et
539 1610 670 1687 civium,
707 1633 789 1695 quos
826 1611 960 1675 mellitis
995 1611 1198 1676 sermonibus
1237 1613 1278 1676 ad

218 1711 397 1774 caelestium
419 1711 642 1776 mandatorum
662 1712 840 1777 custodiam
860 1713 1049 1798 frequenter
1070 1714 1185 1779 solitus
1208 1725 1278 1778 erat

217 1812 403 1890 informare,
427 1813 490 1877 iter
508 1813 660 1879 veniendi
683 1815 815 1880 Bellum
835 1817 985 1902 arripuit,
1001 1827 1100 1902 atque
1117 1839 1156 1881 eo
1170 1817 1276 1902 pridie

218 1937 317 1978 nonas
332 1914 477 1999 Augusti
490 1917 649 2001 pervenit,
675 1928 863 1982 occurrente
883 1919 913 1981 ei
932 1919 1074 1983 universi
1089 1921 1276 1984 monasterii

218 2017 476 2102 congregatione,
493 2041 633 2103 eumque
656 2042 730 2082 cum
745 2019 870 2082 solenni
892 2029 926 2082 et
946 2019 1134 2085 laetabunda
1147 2045 1275 2106 proces-

217 2118 307 2182 sione
336 2119 544 2205 suscipiente.
606 2120 817 2185 Introductus
846 2122 880 2185 in
918 2122 1159 2200 monasterium,
1190 2125 1276 2188 facta

217 2222 362 2284 oratione
381 2222 562 2286 universam
578 2223 860 2307 congregationem
874 2225 1017 2310 suscepit
1030 2225 1065 2288 in
1079 2225 1169 2310 pacis
1184 2249 1275 2290 oscu-

216 2324 308 2403 lum,¹
337 2324 449 2410 sicque
472 2325 507 2389 in
531 2326 712 2412 capitulum
729 2337 779 2391 est
803 2328 990 2413 perductus,
1016 2329 1161 2414 regulam
1187 2331 1275 2394 beati

215 2425 387 2491 Benedicti
402 2429 442 2491 de
461 2428 639 2493 ordinando
661 2429 779 2493 abbate
800 2429 867 2493 illic
887 2431 1069 2496 auditurus.
1116 2432 1181 2495 Sed
1200 2456 1274 2497 cum

212 2528 353 2612 plurima
374 2529 489 2614 populi
510 2530 689 2594 multitudo
706 2550 781 2614 quae
805 2532 846 2594 ad
866 2531 984 2594 famam
1008 2533 1091 2596 tanti
1113 2534 1174 2597 viri
1200 2558 1275 2598 con-

214 2640 368 2708 currerat,
398 2640 472 2715 post
501 2654 576 2694 eurn
605 2654 743 2716 sequens
774 2642 865 2696 tanto
900 2633 1027 2716 impetu
1055 2633 1205 2713 irrueret,
1236 2649 1275 2700 ut

213 2732 307 2796 facile
330 2732 430 2796 arceri
452 2755 518 2796 non
539 2743 660 2818 posset,
691 2734 760 2819 ipse
787 2733 880 2797 fratri
910 2734 968 2818 qui
993 2734 1137 2798 lecturus
1167 2759 1273 2800 coram

213 2857 251 2898 eo
265 2843 464 2919 processerat
477 2834 597 2912 innuit,
614 2847 653 2898 ut
667 2836 799 2899 omnino
814 2836 854 2899 ab
878 2835 950 2921 ipsa
968 2837 1107 2901 lectione
1122 2849 1270 2917 cessaret,

211 2947 374 3021 ruptoque
391 2959 434 3000 ex
449 2937 600 3020 regulari,
616 2937 850 3002 consuetudine
871 2938 1012 3018 silentio,
1033 2940 1067 3006 in
1082 2941 1270 3026 hujusmodi

211 3039 307 3102 verba
318 3039 444 3122 erupit,
468 3039 637 3102 eratenim
652 3039 843 3104 universitas
854 3040 991 3105 fratrum
1006 3042 1053 3106 ibi
1066 3055 1267 3130 congregata.

257 3144 278 3173 ‘⁸
291 3138 407 3215 Satis‚”
434 3138 554 3222 inquit,
584 3141 784 3224 “perpendo
813 3141 929 3206 fratres
955 3144 1115 3209 karissimi
1144 3169 1189 3210 ex
1219 3147 1267 3210 of·
1281 3131 1413 3214 nunna·

212 3239 287 3303 ficio
312 3240 401 3323 quod
426 3239 507 3302 mihi
527 3239 730 3304 extrinsecus
754 3241 928 3322 exhibetis,
950 3267 1047 3328 quem
1069 3246 1162 3330 pium
1184 3226 1431 3316 circatidi‘mnk'

212 3363 264 3404 me
289 3341 482 3404 intrinsecus
507 3342 658 3406 affectum
682 3341 838 3422 habeatis.
884 3343 994 3408 Nullis
1021 3368 1161 3432 namque
1187 3351 1267 3414 meis

211 3444 469 3529 praecedentibus
490 3443 626 3524 meritis,
648 3467 700 3508 me
718 3444 809 3509 vobis
829 3467 895 3508 non
919 3447 995 3511 satis
1011 3450 1177 3534 cognitum
1196 3465 1266 3516 ves-

211 3545 319 3631 trique
344 3545 494 3610 notitiam
519 3545 627 3610 minus
652 3546 838 3625 habentem,
868 3549 952 3612 tanti
976 3549 1161 3616 habendum
1191 3577 1265 3618 cen-

209 3649 329 3726 suistiS,
356 3659 395 3712 ut
416 3649 494 3713 licet
513 3649 621 3712 minus
640 3649 805 3728 idoneum,
829 3650 938 3731 immo,
963 3663 1002 3716 ut
1022 3656 1132 3721 verius
1150 3657 1263 3736 fatear,

209 3751 340 3815 omnino
362 3751 545 3836 indignum,
560 3753 651 3816 vobis
670 3763 778 3817 tamen
795 3754 925 3818 nomine
943 3765 977 3819 et
999 3757 1106 3822 officio
1125 3763 1264 3844 pastoris

209 3853 400 3916 omnimodis
421 3855 544 3937 praefici
562 3855 741 3933 volueritis,
761 3857 957 3921 renitentem
977 3881 1037 3922 nec
1057 3861 1263 3944 adquiescere

208 3955 370 4018 volentem
395 3955 627 4040 compuleritis,
657 3957 796 4021 invitum
822 3969 857 4022 et
881 3969 1028 4024 coactum
1053 3962 1094 4025 ad
1120 3963 1264 4045 qualem-

209 4078 338 4142 cunque
377 4057 507 4119 tandem
547 4080 738 4122 consensum
772 4061 1000 4144 perduxeritis.
1060 4062 1178 4128 Fateor
1211 4090 1263 4130 me

207 4168 327 4235 tamen,
351 4158 456 4222 adhuc
479 4169 615 4222 nutante
637 4161 815 4239 voluntate,
839 4163 879 4226 de
903 4163 975 4248 ipso
999 4187 1156 4230 consensu
1183 4191 1263 4232 non-

243 4299 251 4331 ¹
270 4291 424 4370 According
438 4308 464 4353 to
488 4301 533 4354 the
557 4308 658 4355 custom
682 4303 712 4356 of
726 4302 771 4357 the
792 4321 848 4357 new
869 4305 958 4359 Abbot
978 4323 1010 4360 on
1030 4307 1103 4362 these
1120 4312 1262 4366 occasions.

207 4369 256 4422 See
269 4370 396 4438 Martene,
413 4370 477 4426 ibid.
