3240 5154
361 527 425 590 160
668 541 837 592 maroam
860 540 1108 592 runoanorus

357 694 437 758 dum
451 692 546 778 plene
561 692 764 757 deliberasse.
810 691 882 756 Jam
905 715 980 756 vero
1003 693 1045 755 ad
1064 714 1119 755 vos
1139 692 1324 755 venientem
1341 715 1415 757 cum

359 806 448 859 tanta
477 796 670 859 solennitate
700 795 868 879 susceptis,
903 817 976 858 cum
1013 808 1143 878 quanta,
1177 794 1204 858 si
1234 793 1415 878 quemlibet

358 921 471 961 eorum
500 897 723 982 suscepissetis
753 897 811 980 qui
840 895 946 961 solent
973 896 1151 960 honoribus
1180 896 1415 981 temporalibus

358 1001 523 1078 delectari,
548 1001 583 1064 in
604 1000 696 1064 nullo
722 999 785 1063 sibi
810 1000 917 1062 minus
943 999 1063 1063 in'hac
1085 1009 1177 1084 parte
1200 998 1301 1062 fuisse
1323 999 1416 1062 satis·

358 1103 490 1181 sactum,
506 1112 616 1188 posset
637 1103 752 1166 merito
767 1103 901 1166 causari.
947 1101 1072 1167 Verum
1086 1102 1163 1166 licet
1177 1111 1316 1164 vestram
1332 1101 1415 1164 circa

357 1227 408 1267 me
423 1205 675 1268 benivolentiam
689 1206 767 1268 satis
781 1205 955 1281 attendam,
972 1204 1014 1268 ad
1029 1203 1293 1268 cantuariensem
1308 1212 1415 1266 tamen

357 1306 534 1385 ecclesiam,
556 1330 576 1370 a
595 1308 688 1392 cujus
707 1307 899 1370 dulcissimis
922 1306 1002 1372 mihi
1022 1306 1177 1370 uberibus
1200 1328 1252 1369 me
1281 1327 1414 1390 parvos

357 1409 504 1472 avulsum
519 1409 613 1473 doleo
628 1430 755 1493 semper
768 1419 877 1473 mente
891 1430 1069 1486 recurrens,
1082 1409 1231 1472 dubitare
1246 1429 1297 1470 me
1311 1407 1415 1470 fateor

358 1518 468 1574 utrum
492 1510 583 1574 vobis
605 1509 722 1596 propio
745 1511 865 1574 affectu
888 1511 1007 1595 gratias
1025 1512 1170 1587 debeam,
1194 1533 1236 1572 an
1257 1532 1318 1593 pro
1341 1531 1413 1572 mea

357 1635 455 1697 quarn
478 1636 537 1698 per
551 1635 607 1676 vos
627 1613 748 1676 incurri
772 1613 1016 1698 perturbatione
1036 1611 1297 1676 malivolentiam.
1342 1611 1412 1674 Ho-

352 1737 468 1778 norem
497 1737 572 1778 vero
598 1735 680 1778 meae
704 1715 891 1799 indignitati
917 1715 1111 1800 impensum,
1136 1737 1202 1777 non
1225 1723 1292 1776 tam
1320 1713 1412 1789 mihi,

356 1839 455 1900 quam
470 1839 595 1880 summo
609 1816 732 1902 pastori
748 1816 831 1894 Deo,
855 1827 974 1901 reputo
998 1815 1194 1892 exhibitum,
1210 1813 1287 1898 quia
1306 1814 1412 1899 ipsum

356 1914 392 1977 in
414 1935 486 1976 mea
507 1914 691 1980 humilitate
714 1915 910 2001 suscepistis,
940 1916 1034 2000 cujus
1063 1937 1115 1977 me
1143 1913 1229 1977 vices
1258 1912 1294 1976 in
1322 1913 1413 1976 vobis

356 2039 450 2102 agere
465 2016 662 2084 desideratis.
709 2016 784 2103 Ipse
811 2039 951 2104 namque
981 2039 1014 2080 se
1040 2016 1075 2079 in
1105 2015 1182 2093 suis,
1212 2037 1271 2077 seu
1299 2014 1413 2099 recipi,

356 2142 415 2182 seu
437 2120 546 2205 sperni
568 2120 692 2198 asserit,
725 2130 759 2184 et
783 2119 976 2205 prophetam
1004 2118 1056 2184 vel
1081 2119 1209 2203 justum
1229 2118 1263 2180 in
1283 2117 1413 2180 nomine

356 2221 524 2307 prophetae
540 2223 592 2286 vel
602 2222 686 2308 justi
707 2222 969 2307 suscipientibus,
993 2221 1173 2285 mercedem
1194 2220 1363 2306 prophetae
1378 2231 1413 2284 et

351 2325 434 2409 justi
449 2325 622 2408 promittit.
668 2325 834 2409 Dignetur
856 2325 938 2410 ipse,
961 2324 988 2387 si
1013 2347 1065 2387 me
1085 2324 1176 2388 vobis
1195 2346 1333 2408 praeesse
1357 2324 1414 2387 de-

356 2426 466 2501 crevit,
491 2425 589 2488 talem
618 2425 754 2504 efficere,
785 2425 844 2510 qui
873 2448 929 2489 vos
958 2426 992 2488 in
1022 2426 1150 2511 pascuis
1179 2448 1314 2510 gregum
1340 2427 1412 2511 ejus

356 2526 474 2611 possim
491 2527 587 2610 digne
602 2527 771 2606 deducere,
788 2528 917 2613 sibique
934 2529 973 2592 de
988 2528 1079 2592 vobis
1095 2529 1163 2594 sine
1178 2551 1251 2592 meo
1265 2527 1411 2618 periculo

357 2629 447 2694 lucra
460 2629 655 2715 multiplicia
669 2630 900 2716 comportare.”

189 2761 305 2820 ‘rutenos
401 2731 484 2795 Haec
500 2742 535 2796 et
548 2731 599 2794 his
614 2732 732 2795 similia
745 2733 899 2818 perplura
913 2756 979 2797 non
994 2733 1063 2798 sine
1079 2733 1218 2799 lacrimis
1234 2735 1331 2813 dixit,
1348 2735 1412 2799 fra-

194 2812 226 2851 ¹¹¹⁸
235 2812 300 2851 ‘'⁰³⁰‘'
356 2845 508 2918 trumque
525 2833 669 2897 omnium
684 2834 807 2898 animos
821 2835 856 2899 in
871 2835 922 2898 sui
937 2859 1077 2900 amorem
1091 2837 1230 2923 amplius
1245 2838 1411 2904 excitavit.

356 2936 611 3000 Delectabantur
624 2935 834 3000 nihilominus
855 2947 889 3001 et
904 2939 1021 3018 turbae,
1038 2961 1112 3023 quae
1127 2940 1297 3018 irruerant,
1314 2963 1414 3025 super

355 3038 406 3100 his
420 3057 494 3122 quae
509 3037 544 3100 in
558 3037 629 3122 ipso
644 3039 865 3115 attendebant,
874 3041 952 3124 quia
965 3063 1091 3106 morum
1100 3051 1302 3106 venustatem
1314 3065 1412 3126 quam

355 3140 550 3204 intrinsecus
565 3140 600 3204 in
620 3150 728 3204 mente
742 3140 893 3220 habebat,
915 3143 1118 3208 extrinsecus
1133 3144 1168 3207 in
1182 3145 1277 3208 vultu
1291 3165 1411 3229 reprae-

356 3243 514 3309 sentabat.
560 3243 613 3306 Ne
633 3266 708 3307 vero
724 3243 808 3308 circa
822 3243 893 3308 haec
907 3245 1069 3330 prolixius
1084 3248 1278 3332 exequenda
1288 3248 1413 3311 diutius

355 3345 574 3422 immoremur,
598 3346 827 3410 consummatis
852 3347 1002 3412 omnibus
1028 3368 1103 3432 quae
1127 3349 1162 3412 in
1188 3350 1259 3435 ejus
1283 3373 1413 3435 suscep-

356 3447 445 3510 tione
467 3447 591 3531 agenda
604 3447 809 3525 videbantur,
836 3448 1039 3534 dimissisque
1056 3450 1206 3514 omnibus
1221 3451 1256 3515 in
1271 3454 1412 3536 propria,

357 3559 423 3610 tam
447 3547 498 3610 his
521 3547 643 3611 scilicet
670 3548 728 3632 qui
751 3550 894 3614 venienti
916 3563 1131 3631 occurrerant,
1159 3575 1257 3636 quam
1281 3553 1332 3617 his
1355 3556 1413 3639 qui

358 3671 431 3714 eum
448 3670 467 3710 a
483 3648 658 3711 Cantuaria
672 3651 855 3713 venientem
868 3674 934 3715 non
949 3653 1018 3716 sine
1033 3654 1122 3736 gravi
1137 3674 1273 3718 maerore
1286 3655 1415 3720 dedux-

357 3759 459 3829 erant,
483 3748 552 3835 ipse
577 3749 616 3812 de
631 3761 748 3814 caetero
771 3751 805 3814 in
829 3754 936 3817 medio
955 3755 1092 3819 fratrum
1107 3755 1285 3820 conversari
1300 3757 1414 3843 coepit,

356 3873 456 3936 seque
466 3851 616 3916 omnibus
625 3852 759 3916 formam
771 3853 854 3930 bene
866 3855 994 3920 vivendi
1000 3858 1099 3922 verbo
1115 3869 1149 3921 et
1160 3859 1311 3944 exemplo
1321 3860 1416 3924 exhi-

355 3955 440 4034 buit,
462 3956 595 4019 studens
620 3955 812 4020 omnimodis
828 3957 965 4042 amplius
980 3961 1020 4023 ab
1036 3961 1186 4024 omnibus
1201 3962 1300 4026 amari
1316 3984 1413 4047 quam

356 4057 474 4124 timeri.

191 4158 333 4258 Pffiglffi,
399 4159 454 4225 Sic
483 4160 597 4241 electo,
623 4160 668 4225 sic
694 4160 729 4225 in
757 4162 953 4228 monasterio
979 4176 1141 4250 suscepto,
1173 4165 1241 4230 sola
1271 4167 1415 4230 restabat

192 4257 324 4347 l'ffissm
354 4264 468 4341 adhuc,
493 4274 532 4326 ut
551 4264 596 4326 sic
620 4275 919 4329 consummarentur
938 4267 1055 4347 omnia,
1071 4268 1255 4333 benedictio
1272 4269 1312 4332 ab
1329 4269 1414 4353 epis-

190 4357 318 4449 gfissggffi·
353 4390 434 4452 copo
455 4365 670 4450 percipienda.
716 4364 840 4430 Verum
862 4368 1015 4452 quoniam
1039 4371 1080 4434 ad
1095 4372 1166 4454 ejus
1181 4370 1331 4436 notitiam
1343 4372 1414 4455 jam
