3240 5154
383 465 446 536 178
681 481 855 534 nrsronm
883 481 1132 533 rouosrrours

380 635 482 721 igitur
496 634 663 699 electionis
688 643 833 718 tempore
848 632 934 696 facta
947 631 1048 696 fuerit
1062 631 1273 716 praesentatio
1297 642 1332 695 et
1354 651 1439 717 prae-

381 736 499 802 sentati
521 735 697 813 institutio,
722 736 800 800 dum
815 734 924 799 omnia
943 733 978 797 in
993 733 1232 798 consecratione
1246 744 1441 798 revocantur

381 840 416 903 in
428 839 568 916 irritum,
589 848 715 902 constat
738 837 836 902 etiam
852 837 941 921 quod
955 835 1113 920 quicquid
1127 835 1211 900 circa
1223 859 1367 921 praesens
1380 859 1439 902 ne-

380 940 506 1025 gotium
521 950 571 1004 est
585 949 814 1026 attemptatum
828 940 890 1003 sub
904 938 1113 1002 universitate
1123 937 1337 1016 concluditur,
1349 939 1438 1002 unde

381 1054 415 1108 et
432 1044 466 1108 in
485 1042 615 1107 irritum
629 1040 843 1127 proculdubio
857 1050 1035 1106 revocatur.
1081 1039 1170 1108 Quia
1184 1040 1272 1104 enim
1286 1049 1438 1124 respectu

380 1144 565 1230 apostolicae
580 1142 782 1233 auctoritatis
792 1142 918 1206 modica
931 1151 989 1206 aut
1001 1141 1093 1206 nulla
1106 1164 1174 1206 esse
1189 1141 1367 1206 dinoscitur
1378 1164 1438 1226 po·

380 1255 479 1310 testas
499 1243 697 1329 episcopalis,
722 1265 798 1327 quae
819 1244 859 1307 ab
880 1241 1103 1307 excellentiori
1126 1243 1351 1323 dissolvantur,
1377 1266 1438 1328 per

381 1346 543 1410 inferioris
559 1345 679 1410 ordinis
692 1345 828 1429 gradum
838 1343 987 1428 nequivit
995 1343 1138 1428 accipere
1148 1344 1346 1410 firmitatem.
1369 1345 1437 1409 Το-

381 1449 448 1512 tius
462 1449 573 1532 itaque
587 1447 636 1512 rei
649 1448 732 1511 serie
747 1445 934 1532 diligentius
953 1447 1163 1524 considerata,
1179 1447 1257 1510 dum
1271 1447 1381 1512 omnia
1399 1447 1437 1511 in

377 1549 673 1636 jurisecclesiastici
682 1549 908 1635 praejudicium
916 1549 1438 1634 perpetratavidentur,firmitatis

381 1674 448 1716 suae
466 1674 530 1718 non
550 1651 713 1716 immerito
736 1651 837 1714 robur
855 1650 1021 1728 amittunt,
1041 1651 1195 1734 quoniam
1215 1651 1251 1714 in
1271 1650 1437 1716 ecclesias-

380 1754 455 1818 ticae
484 1752 656 1818 soliditatis
684 1753 790 1816 radice
816 1774 881 1816 non
919 1752 1109 1816 subsistunt.
1155 1751 1268 1816 Plenae
1303 1753 1437 1818 institu-

379 1855 478 1920 tionis
502 1854 646 1940 postulat
666 1875 739 1938 pars
761 1854 892 1918 adversa
914 1852 1107 1919 beneficium
1136 1877 1210 1918 cum
1238 1854 1349 1939 potius
1376 1856 1436 1919 be-

379 1956 494 2021 neficio
522 1955 681 2041 portionis
702 1955 821 2039 privari
842 1955 1008 2033 meruerit,
1039 1957 1127 2039 quod
1154 1957 1188 2019 in
1218 1956 1355 2041 praefata
1382 1979 1436 2020 ec-

379 2057 476 2122 clesia
497 2057 537 2122 dc
563 2057 621 2121 Wi
649 2057 740 2122 nullo
762 2057 896 2121 rationis
925 2057 1022 2121 titulo
1051 2058 1230 2124 dinoscitur
1257 2059 1434 2144 possidere.

380 2159 563 2244 Spoliatum
582 2169 632 2223 est
644 2161 719 2244 jure
740 2181 799 2224 suo
815 2181 929 2223 vacans
948 2159 1188 2238 monasterium,
1203 2183 1263 2224 nec
1282 2170 1437 2227 tenentur

378 2261 499 2345 injuste
514 2260 653 2345 spoliati,
668 2261 704 2324 in
720 2262 795 2346 jure
816 2283 874 2325 suo
888 2261 1080 2346 respondere
1099 2262 1163 2326 nisi
1180 2263 1322 2347 primum
1340 2263 1436 2327 resti-

379 2361 455 2438 tuti,
477 2360 563 2424 unde
583 2375 617 2424 et
638 2361 788 2426 dominus
807 2362 905 2426 abbas
928 2363 967 2426 de
983 2361 1077 2426 Bello
1090 2385 1149 2448 pro
1163 2365 1356 2429 monasterio
1373 2388 1435 2430 suo

380 2484 478 2546 agens
496 2461 581 2547 juris
604 2461 655 2528 sui
683 2462 768 2547 petit
797 2463 1048 2542 restitutionem,
1075 2467 1286 2551 postmodum
1302 2477 1435 2552 paratus

249 2597 290 2638 ,·„
320 2609 342 2638 ε,
379 2563 420 2626 ad
450 2563 666 2628 exhibendam
691 2564 832 2649 justitie
860 2565 1127 2650 plenitudinem.”
1173 2567 1256 2632 Cum
1283 2570 1318 2634 in
1346 2570 1435 2634 hunc

359 2666 511 2730 ‘modum
537 2666 689 2751 magister
719 2665 885 2732 Gerardus
914 2667 949 2731 in
978 2669 1122 2733 omnium
1152 2671 1317 2736 audientia
1340 2695 1434 2757 pero·

378 2779 490 2846 resset,
514 2778 548 2831 et
574 2769 800 2852 allegationem
825 2791 915 2833 suam
939 2769 1049 2854 legum
1071 2794 1108 2835 ac
1132 2772 1334 2838 decretorum
1357 2797 1434 2859 quoe

271 2861 300 2889 “¹
378 2869 431 2933 hic
467 2869 608 2933 inserere
637 2870 771 2953 longum
800 2881 870 2934 erat
901 2871 1150 2936 auctoritatibus
1184 2876 1434 2960 comprobasset,

374 2971 508 3054 jamque
533 2992 593 3055 pro
619 2969 811 3053 allegatione
839 2974 981 3054 partium
1002 2973 1136 3037 ferenda
1158 2988 1242 3039 esset
1262 2979 1434 3059 sententia,

380 3070 519 3154 delegati
537 3071 666 3155 judices
680 3071 767 3136 haud
783 3072 919 3136 dubium
934 3075 1014 3159 quin
1028 3076 1170 3139 adversae
1183 3077 1269 3161 parti
1282 3091 1435 3166 respectu

379 3172 549 3257 potestatis
575 3173 767 3252 deferentes,
795 3176 988 3240 sententiam
1018 3177 1077 3240 sub
1101 3178 1356 3247 dissimulatione
1384 3207 1436 3248 re·

380 3272 560 3356 liquerunt,
599 3285 632 3338 et
668 3275 815 3360 partibus
852 3288 891 3341 ut
926 3289 1157 3362 componerent
1196 3297 1434 3368 praeceperunt.

381 3375 494 3439 Abbas
510 3377 563 3440 cui
581 3377 656 3461 plus
672 3389 740 3442 erat
754 3379 914 3444 desiderio
925 3380 1012 3464 pacis
1027 3381 1149 3446 bonum
1164 3405 1261 3467 quam
1278 3386 1317 3450 lis
1335 3397 1436 3472 atque

382 3478 558 3554 contentio,
584 3500 627 3540 ex
648 3479 826 3544 multarum
851 3481 1105 3547 consideratione
1124 3484 1436 3557 circumstantiarum

382 3577 524 3640 decrevit
539 3579 805 3663 compositionem
825 3605 892 3646 non
911 3605 1075 3668 respuere,
1098 3586 1201 3652 sciens
1223 3591 1337 3675 sejam
1352 3563 1435 3660 nihil

383 3701 496 3743 eorum
519 3703 595 3764 quae
618 3684 803 3766 possederat
824 3685 1028 3766 amissurum,
1050 3688 1150 3753 immo
1173 3693 1275 3776 magis
1296 3697 1437 3764 confisus

221 3811 366 3854 rhamnos
383 3804 417 3846 se
440 3782 579 3867 amplius
600 3785 804 3868 adepturum.
850 3786 1001 3852 Formata
1022 3799 1072 3852 est
1092 3790 1170 3868 illic,
1190 3792 1266 3856 viris
1289 3795 1437 3864 discretis

218 3865 344 3956 {lffimm
382 3883 458 3947 huic
483 3883 558 3949 inde
579 3885 880 3967 intervenientibus,
899 3889 1085 3974 hujusmodi
1104 3895 1304 3979 compositio,
1320 3909 1359 3962 ut
1375 3903 1438 3965 sci-

383 3986 462 4050 licet
478 3986 610 4051 decimis
630 3989 670 4051 de
686 3988 869 4053 Bekewelle
891 4001 925 4054 et
944 3991 1197 4078 Beawerdregge
1221 4007 1256 4060 et
1276 3997 1438 4068 Holeford

383 4087 424 4150 ad
442 4087 653 4152 sacristariam
673 4091 859 4154 monasterii
878 4093 917 4155 de
936 4092 1030 4156 Bello
1044 4095 1085 4158 ab
1101 4097 1237 4181 antiquo
1257 4100 1437 4185 assignatis,

383 4189 418 4252 in
444 4188 556 4253 eadem
578 4191 792 4275 assignatione
821 4195 1095 4277 permanentibus,
1120 4198 1160 4261 de
1184 4211 1303 4265 caetero
1327 4203 1440 4271 Gode-

384 4291 487 4354 fridus
509 4292 549 4355 de
573 4293 655 4357 Luci
685 4304 786 4359 totam
816 4296 982 4362 ecclesiam
1012 4299 1051 4364 de
1069 4300 1127 4364 Wi
1152 4303 1281 4368 nomine
1311 4307 1439 4374 vicariae
