3278 5162
347 539 410 604 106
638 553 809 605 nrsroam
837 551 1086 606 runnmonrs

341 714 495 790 reputans
522 725 563 767 ne
593 704 677 768 forte
702 703 786 782 mala
809 703 929 767 exinde
955 703 1136 768 traheretur
1160 702 1404 788 consequentia,

337 808 472 892 jamque
487 829 525 870 ea
540 829 613 891 quae
628 807 715 869 idem
737 805 832 869 fundi
855 805 1005 869 dominus
1028 805 1216 889 frequenter
1239 805 1405 889 exigebat,

339 909 499 973 fructusa
518 909 674 994 jamdicta
699 917 784 972 terra
805 907 997 992 proveniens
1019 907 1208 971 viderentur
1233 908 1403 988 excedere,

340 1012 439 1075 abbas
453 1033 584 1074 manum
595 1009 726 1074 omnino
740 1008 890 1087 retraxit,
902 1031 962 1074 nec
977 1032 1011 1072 se
1027 1009 1066 1073 de
1082 1019 1199 1073 caetero
1213 1008 1403 1094 hujusmodi

339 1113 568 1178 vexationibus
595 1123 630 1176 et
658 1111 884 1176 exactionibus
912 1111 996 1175 velle
1023 1113 1188 1197 subjacere
1218 1121 1403 1177 constanter

176 1231 305 1273 noanon
340 1216 486 1280 asseruit.
544 1214 686 1280 Cernens
717 1214 804 1279 idem
835 1223 967 1278 exactor
1001 1236 1035 1278 se
1065 1215 1203 1299 quaesita
1226 1236 1287 1299 pro
1319 1213 1402 1279 velle

174 1283 326 1424 ffid‘dii‘
338 1318 467 1403 assequi
480 1339 546 1381 non
560 1339 665 1402 posse,
681 1326 785 1381 totam
798 1315 968 1402 preafatam
987 1318 1231 1402 possessionem,
1259 1317 1351 1402 quasi
1364 1317 1401 1380 in

252 1398 284 1436 μ’
333 1421 389 1506 jus
414 1442 509 1483 suum
534 1419 694 1503 redigens,
716 1418 860 1483 ecclesiae
883 1417 924 1482 de
951 1417 1046 1482 Bello
1070 1419 1241 1496 subduxit,
1264 1440 1401 1503 eamque

336 1521 465 1586 cuidam
479 1520 748 1604 Hastingensium
758 1513 902 1584 'siwardo
916 1519 1047 1584 nomine
1058 1520 1164 1605 Sigari
1178 1520 1257 1598 filio,
1270 1530 1401 1604 accepta

334 1625 375 1688 ab
390 1647 429 1688 eo
443 1624 592 1709 pecunia,
606 1623 643 1687 in
664 1622 885 1688 vadimonium
908 1621 1051 1685 tradidit.
1098 1620 1170 1686 Hac
1193 1622 1305 1705 itaque
1329 1620 1398 1684 vio-

333 1725 436 1789 lentia
450 1726 587 1810 spoliata
601 1736 651 1789 est
668 1724 802 1788 ecclesia
826 1746 892 1788 non
915 1733 1044 1787 tantum
1068 1733 1155 1788 terra
1177 1723 1257 1808 ipsa,
1285 1723 1342 1786 sed
1362 1735 1397 1786 et

333 1827 497 1913 expensis,
513 1837 547 1890 et
568 1827 718 1890 omnibus
733 1847 808 1911 quae
833 1836 911 1890 tunc
935 1825 1090 1910 temporis
1112 1825 1148 1889 in
1173 1825 1243 1910 ipsa
1267 1835 1395 1909 reperta
1503 1857 1506 1864 ¹

333 1939 420 1993 sunt.
466 1927 567 1994 Quod
591 1951 666 1992 cum
689 1929 766 1992 satis
791 1949 876 2013 aegre
901 1927 1000 1991 abbas
1023 1937 1057 1990 et
1081 1928 1152 2012 ejus
1174 1936 1398 2012 procuratores

332 2030 541 2116 accepissent,
573 2041 607 2094 et
630 2030 706 2094 hinc
731 2052 862 2115 magnas
882 2052 919 2093 ac
943 2029 1151 2097 multimodas
1179 2027 1399 2114 querimonias

331 2133 515 2210 movissent,
532 2132 661 2196 domino
683 2155 759 2217 rege
776 2130 920 2196 Henrico
941 2129 976 2192 in
1001 2131 1223 2194 transmarinis
1249 2129 1396 2214 partibus

332 2235 372 2298 ab
401 2235 460 2300 hac
489 2235 556 2299 vita
580 2235 756 2310 subtracto,
785 2233 909 2296 nullam
936 2231 1022 2317 juris
1065 2232 1116 2294 sui
1151 2231 1395 2296 restitutionem

330 2335 449 2399 habere
463 2345 653 2420 potuerunt.
699 2334 900 2398 Succedente
914 2356 990 2417 rege
1007 2333 1185 2419 Stephano,
1202 2335 1296 2420 cujus
1311 2344 1393 2398 tem·

330 2437 464 2521 poribus
474 2437 604 2522 justitia
625 2436 732 2500 minus
755 2436 962 2522 praevalente,
985 2436 1043 2520 qui
1071 2436 1146 2521 plus
1168 2446 1298 2521 poterat
1318 2437 1393 2522 plus

331 2537 480 2616 faciebat,
497 2539 607 2622 sicque
621 2538 786 2602 interdum
798 2539 934 2602 cedebat
942 2537 1120 2621 unicuique
1135 2561 1195 2624 pro
1205 2539 1291 2623 jure,
1305 2539 1394 2622 quod

332 2641 576 2723 quoquomodo
591 2641 788 2727 diripuisset,
806 2641 939 2705 ecclesia
956 2640 1057 2703 sancti
1073 2640 1211 2704 Martini
1233 2641 1273 2704 de
1297 2640 1392 2704 Bello

330 2762 396 2806 non
410 2743 506 2805 modo
520 2743 712 2827 praedictum
727 2752 950 2807 tenementum
971 2744 1011 2807 de
1035 2741 1253 2822 Bernehorne,
1279 2742 1336 2806 sed
1357 2753 1392 2806 et

331 2843 394 2906 alia
422 2845 619 2928 perplurima
650 2845 701 2908 sui
726 2845 811 2930 juris
844 2844 1002 2908 violenter
1040 2843 1168 2907 sublata
1200 2866 1391 2929 recuperare

330 2944 488 3027 nequivit,
503 2945 580 3008 licet
593 2946 782 3029 frequenter
796 2945 871 3008 inde
886 2955 1069 3008 moveretur
1085 2945 1276 3032 calumpnia

374 3045 573 3108 Succedente
594 3056 668 3131 post
691 3047 858 3110 decessum
880 3046 966 3130 regis
993 3046 1152 3130 Stephani
1174 3047 1290 3111 inclito
1311 3069 1388 3132 rege

168 3124 235 3200 unuer
254 3210 258 3220 ,
330 3147 486 3226 Henrieo,
497 3148 613 3232 prioris
625 3148 760 3212 Hernici
775 3157 905 3233 nepote,
923 3149 981 3233 qui
995 3148 1081 3212 avita
1095 3159 1242 3234 tempora
1255 3171 1388 3214 renova·

301 3239 307 3260 '
327 3260 388 3329 ret,
404 3250 741 3336 cumjamWarnerius
756 3251 853 3314 abbas
863 3250 1020 3328 cessisset,
1032 3250 1127 3335 eique
1139 3251 1187 3313 vir
1195 3252 1388 3316 venerabilis

165 3373 243 3451 aonii
265 3411 270 3420 .
298 3382 307 3393 ·
328 3353 426 3417 abbas
437 3352 603 3417 Walterus
618 3335 830 3430 successisset,
842 3352 929 3416 idem
950 3353 1047 3416 abbas
1056 3352 1224 3416 Walterus
1236 3377 1302 3438 quo
1319 3354 1388 3438 regi

199 3473 237 3501 ⁰³¹
276 3473 298 3502 1¹¹
327 3454 493 3518 familiaris
508 3455 603 3518 fieret
617 3454 771 3531 obtinuit,
796 3455 907 3537 sicque
923 3476 1030 3517 coram
1051 3476 1089 3517 eo
1111 3477 1209 3540 super
1227 3456 1386 3541 jamdicto

328 3567 514 3621 tenemento
549 3557 589 3619 de
625 3555 843 3634 Bernehorne,
881 3555 1116 3640 querimoniam
1150 3557 1262 3622 movit.
1307 3557 1386 3621 Rex

326 3660 428 3744 igitur
447 3659 488 3722 ad
507 3657 634 3721 abbatis
654 3657 841 3721 instantiam
862 3657 980 3721 litteris
1001 3659 1067 3722 suis
1082 3658 1104 3722 J
1105 3658 1223 3722 ohanni
1239 3669 1317 3723 tunc
1332 3682 1387 3722 co-

326 3760 400 3824 miti
430 3758 520 3843 Augi
545 3759 765 3843 praecipiendo
790 3759 965 3839 mandavit,
992 3770 1031 3824 ut
1059 3761 1170 3825 abbati
1200 3761 1386 3847 supradicto

326 3872 512 3927 tenemento
540 3862 674 3947 plenum
702 3872 827 3926 rectum
857 3871 994 3942 teneret,
1025 3875 1082 3928 aut
1105 3865 1132 3928 si
1157 3887 1224 3928 non
1249 3865 1383 3942 faceret,

326 3967 503 4030 vicecomes
520 3964 684 4028 Sussexiae
707 3964 769 4028 hoc
790 3963 922 4040 faceret,
946 3987 987 4028 ne
1002 3987 1063 4028 rex
1078 3966 1153 4029 inde
1169 3966 1308 4052 amplius
1321 3965 1385 4029 cla-
1482 3966 1488 3976 ’

325 4089 448 4132 morem
476 4066 614 4132 audiret.
666 4066 855 4130 Gilebertus
883 4088 959 4130 vero
994 4067 1035 4130 de
1065 4067 1195 4146 Baillol,
1218 4069 1275 4152 qui
1305 4079 1384 4132 tunc

326 4170 480 4255 temporis
495 4169 645 4232 dominus
658 4168 752 4233 fundi
763 4168 956 4247 videbatur,1
973 4190 1071 4254 super
1080 4169 1142 4234 hoc
1151 4171 1264 4235 multis
1279 4170 1383 4234 modis

360 4370 369 4403 ¹
387 4367 430 4421 He
445 4367 507 4421 held
519 4367 590 4420 three
602 4367 717 4437 knights’
729 4369 782 4421 fees
794 4369 824 4421 of
832 4368 850 4421 J
851 4368 903 4422 ohn
916 4369 978 4423 Earl
990 4369 1020 4422 of
1030 4369 1079 4423 Eu.
1118 4369 1175 4424 Lib.
1189 4369 1217 4422 N
1219 4370 1253 4439 ig.
1266 4369 1284 4425 i.
1298 4373 1342 4424 66.
