3240 5154
368 515 432 583 154
680 534 848 586 nrsroau
872 536 1121 588 ruunarrorus

364 686 489 770 plicari.
536 687 591 751 Sic
612 688 753 752 vicissim
775 710 836 753 rex
860 711 934 752 cum
958 689 1025 753 suis
1049 689 1203 767 instabat,
1218 689 1274 753 ille
1297 693 1424 776 suppli-

364 791 468 868 cabat,
483 801 601 856 neuter
615 801 724 854 tamen
738 791 832 855 alteri
847 814 906 876 pro
920 801 995 854 voto
1010 792 1155 869 cedebat,
1170 791 1282 875 sicque
1298 793 1366 856 dies
1381 795 1424 858 ad

363 914 521 968 occasum,
536 916 571 957 re
586 893 726 956 multum
748 893 895 976 capiente
916 892 1078 971 effectum,
1094 895 1298 978 properabat.
1343 895 1422 959 Rex

363 1005 472 1058 tamen
486 995 599 1059 nolens
613 995 731 1080 coeptis
745 995 912 1072 desistere,
926 1005 993 1059 tam
1010 1005 1080 1059 erat
1100 995 1250 1060 instando
1269 995 1422 1081 infatiga-

362 1097 449 1175 bilis,
465 1121 564 1183 quam
577 1097 633 1162 ille
647 1120 714 1161 non
727 1097 964 1181 adquiescendo
979 1095 1182 1162 inflexibilis.

406 1199 489 1265 Cum
511 1200 613 1284 igitur
628 1209 757 1284 tempus
772 1222 860 1263 casso
874 1199 984 1263 labore
1000 1209 1253 1278 consumeretur,
1264 1201 1335 1284 jam
1349 1225 1419 1266 om-

197 1287 281 1365 ledam’
302 1339 322 1366 ι.
360 1301 437 1365 nino
453 1302 536 1366 circa
554 1325 630 1368 eum
649 1301 872 1366 inclinandum
890 1299 1025 1366 humani
1042 1302 1143 1366 studii
1158 1302 1313 1367 defecisse
1329 1304 1418 1368 vide-

197 1435 222 1463 a
268 1388 312 1484 ⁰50
359 1405 455 1468 batur
476 1405 656 1482 consilium,
680 1405 744 1468 nisi
766 1403 1005 1490 supervenisset
1026 1405 1183 1470 divinum.
1230 1404 1298 1469 Sed
1319 1429 1418 1490 quem

300 1489 332 1526 ω’
357 1509 399 1570 ad
410 1508 586 1572 voluntatis
601 1529 670 1571 suae
683 1506 853 1570 arbitrium
867 1507 1053 1591 pertrahere
1068 1530 1134 1570 non
1148 1507 1260 1593 potuit
1273 1519 1418 1593 potestas

357 1620 494 1684 terrena,
516 1620 651 1695 repente
677 1631 753 1673 cum
768 1608 874 1673 voluit
893 1610 933 1673 de
953 1608 1043 1673 facili
1064 1609 1160 1673 flexit
1174 1609 1277 1674 virtus
1296 1611 1414 1678 divina,

358 1713 578 1776 Occurrerunt
599 1733 739 1794 namque
762 1711 871 1775 subito
894 1711 997 1775 menti
1023 1711 1094 1796 ejus
1119 1711 1294 1797 Theophili
1324 1724 1415 1778 actus

356 1815 414 1897 qui
427 1813 592 1878 Christum
606 1813 746 1898 negavit,
759 1813 817 1899 qui
832 1835 906 1876 cum
921 1822 995 1877 ante
1010 1814 1215 1897 negationem
1228 1823 1328 1878 tantae
1345 1816 1415 1900 opi-

354 1915 461 1979 nionis
482 1914 608 1994 fuisset,
627 1925 666 1978 ut
687 1937 763 1978 eum
784 1915 889 1978 clerus
913 1924 948 1978 et
970 1914 1112 1999 populus
1138 1915 1283 1980 ecclesiae
1299 1915 1364 1980 Dei
1379 1918 1414 1983 in

353 2017 465 2081 ordine
493 2016 672 2102 pontificali
691 2016 933 2102 praeficiendum
959 2016 1130 2100 eligerent,
1151 2017 1279 2082 vocanti
1305 2041 1339 2082 se
1362 2043 1413 2084 ec·

352 2120 459 2184 clesiae
488 2119 697 2206 pertinaciter
721 2118 899 2182 resistendo
930 2140 1040 2182 curam
1071 2119 1265 2203 pastoralem
1290 2130 1412 2185 temere

351 2223 483 2306 refugit,
519 2222 785 2305 voluntatemque
821 2219 985 2305 propriam
1021 2221 1183 2284 communi
1218 2242 1412 2307 praeponens

350 2325 497 2402 utilitati,
523 2324 559 2386 in
587 2321 731 2386 ecclesiae
760 2319 936 2384 offensione
961 2320 1127 2386 Christum
1148 2323 1294 2388 ecclesiae
1315 2349 1412 2410 spon-

349 2450 421 2490 sum
450 2424 596 2490 offendit.
642 2423 751 2490 Quem
781 2422 967 2506 indignatus
997 2421 1222 2509 indignatione
1248 2427 1411 2492 Dominus

349 2527 472 2592 dimisit
495 2526 672 2591 secundum
694 2525 852 2589 desideria
871 2525 975 2588 cordis
996 2526 1047 2589 sui
1070 2548 1146 2609 quae
1168 2539 1280 2592 contra
1295 2529 1410 2594 Domi-

349 2653 428 2694 num
443 2629 594 2715 elegerat,
614 2637 654 2693 ut
673 2628 737 2692 iret
750 2627 785 2690 in
806 2627 1088 2692 adinventionibus
1103 2628 1181 2707 suis,
1195 2653 1328 2696 manum
1340 2656 1408 2697 suae

348 2729 559 2825 protectionis
574 2737 777 2814 subtrahens,
793 2747 827 2800 et
841 2737 950 2822 ipsum
963 2737 1105 2822 propriae
1120 2737 1295 2824 fragilitati
1311 2743 1410 2807 reh'n.

350 2865 463 2926 quens.
508 2841 578 2908 Qui
596 2839 704 2904 divina
723 2841 925 2924 protectione
949 2839 1136 2918 destitutus,
1156 2852 1191 2906 et
1212 2853 1289 2928 post
1305 2845 1409 2908 modi-

339 2967 424 3034 ¹cum
437 2965 495 3027 per
509 2943 609 3006 alium
624 2941 822 3025 episcopum,
839 2963 937 3024 quern
952 2964 992 3005 eo
1006 2951 1176 3006 recusante
1192 2945 1255 3008 sibi
1273 2945 1409 3009 ecclesia

348 3045 548 3130 praefecerat,
564 3067 583 3107 a
596 3042 848 3107 vicedominatus
862 3043 989 3122 honore
1000 3053 1034 3106 et
1048 3043 1155 3108 officio
1171 3048 1260 3130 quod
1275 3057 1408 3112 eatenus

311 3172 313 3176 ’
348 3148 506 3212 habuerat
519 3158 656 3225 amotus,
672 3146 778 3232 primo
794 3147 927 3232 quidem
949 3148 990 3210 de
1013 3169 1071 3211 sua
1093 3148 1272 3232 dejectione
1289 3149 1407 3227 doluit,

348 3252 459 3315 dolens
474 3253 595 3337 absque
608 3250 751 3314 remedio
762 3249 880 3314 divinae
890 3250 1128 3328 consolationis,
1142 3249 1307 3314 tristitiam
1317 3261 1406 3335 post-

346 3355 479 3418 modum
499 3353 646 3431 incurrit,
662 3353 764 3418 tristis
786 3353 978 3438 desperavit,
994 3353 1165 3438 desperans
1184 3352 1312 3416 diabolo
1331 3375 1406 3437 pro-

344 3458 448 3520 fessus
462 3457 653 3520 servitutem
667 3457 727 3520 sub
739 3455 948 3540 cyrographo,
962 3455 1128 3519 Christum
1142 3455 1281 3538 negavit.
1320 3455 1404 3519 Haeo

345 3559 478 3643 inquam
492 3559 596 3622 menti
609 3578 687 3634 suae,
702 3559 790 3622 haud
800 3559 936 3623 dubium
950 3559 1029 3642 quin
1042 3557 1115 3621 Deo
1130 3557 1337 3635 immittente,
1351 3582 1404 3622 oc-

344 3659 517 3737 currentia,
531 3659 581 3723 vir
593 3659 786 3724 venerabilis
797 3661 887 3746 prior
910 3660 1151 3724 Cantuariensis
1167 3660 1240 3724 Odo
1255 3660 1403 3724 volvebat

343 3763 378 3824 in
392 3771 535 3847 pectore,
546 3762 680 3846 jamque
695 3762 730 3825 in
749 3762 915 3826 anxietate
935 3763 1067 3848 spiritus
1083 3763 1133 3826 sui
1148 3763 1285 3847 positus,
1302 3763 1403 3847 coepit

343 3863 405 3927 sibi
419 3863 483 3949 ipsi
497 3873 653 3943 metuere,
669 3887 710 3928 ne
735 3864 762 3928 si
777 3864 861 3928 forte
876 3864 962 3929 ultra
982 3865 1130 3930 resistere
1150 3888 1218 3929 suae
1242 3865 1402 3929 vocationi

342 3977 563 4052 praesumeret,
588 3967 762 4051 quicquam
790 3967 964 4052 Theophili
994 3968 1120 4032 actibus
1143 3967 1247 4031 simile
1273 3967 1326 4030 vel
1346 3967 1402 4030 de·

343 4071 444 4134 terius
458 4070 583 4155 aliquid
597 4070 660 4134 sibi
675 4071 887 4154 contingeret.
951 4073 952 4076 ’

178 4199 293 4242 ancoras.
385 4173 629 4237 Recordabatur
655 4173 866 4236 nihilominus
895 4183 929 4237 et
956 4173 1044 4236 beati
1075 4171 1225 4236 Anselmi
1256 4172 1400 4236 Cantua·

177 4251 271 4291 Anrelm.

340 4276 453 4338 riensis
482 4275 722 4360 archiepiscopi,
748 4275 807 4359 qui
834 4285 983 4360 suscepto
1006 4276 1130 4339 dudum
1152 4275 1319 4359 religionis
1341 4275 1399 4338 ha-

339 4378 413 4441 bitu
442 4377 477 4440 in
505 4377 700 4441 monasterio
730 4377 895 4455 Beccensi,
934 4400 1007 4442 cum
1048 4400 1080 4441 se
1110 4377 1145 4441 in
1175 4377 1325 4440 omnibus
1354 4378 1397 4448 ab
