3260 5172
545 559 766 612 nounsrnnn
793 559 841 608 nn
862 558 986 609 nanno.
1265 545 1286 607 3

227 706 300 770 dam
343 729 402 770 suo
442 729 556 772 cruore
596 709 723 793 signans
750 709 878 786 dicavit,
907 709 1055 792 hancque
1086 729 1129 771 ex
1165 707 1284 771 divinae

225 808 444 893 dispositionis
452 809 612 894 praesagio
625 820 777 894 potenter
791 811 936 894 optinere
947 809 1113 874 meruit.”¹

271 909 391 993 Sicque
406 934 466 995 pro
479 920 555 974 voto
575 911 764 975 cedentibus
784 895 897 989 causis,
914 912 983 974 dux
1003 911 1122 975 ibidem
1138 934 1204 976 non
1225 912 1283 976 diu
1295 933 1389 974 waram

227 1022 379 1089 moratus,
394 1013 504 1076 haud²
529 1012 623 1096 longe
644 1013 752 1090 situm,
770 1013 827 1097 qui
844 1011 1019 1098 Hastinges
1042 1023 1184 1091 vocatur,
1208 1036 1281 1078 cum
1294 983 1404 1086 ffllii..

227 1113 295 1178 suis
317 1114 398 1178 adiit
415 1124 557 1200 portum,
577 1114 690 1200 ibique
711 1124 930 1200 opportunum
950 1126 1063 1179 nactus
1082 1115 1200 1193 locum,
1220 1116 1282 1200 lig-

228 1237 324 1278 neum
335 1215 463 1300 agiliter
473 1216 639 1280 castellum
652 1226 797 1281 statuens
807 1217 940 1302 provide
951 1216 1116 1282 munivit³
1138 1217 1281 1281 Navium

135 1367 137 1372 ,
225 1339 299 1381 vero
312 1329 404 1403 parte
418 1317 561 1382 maxima
571 1319 803 1403 dispensatorie
819 1321 887 1405 jam
907 1321 1084 1397 combusta,
1100 1341 1141 1382 ne
1158 1319 1281 1383 seilicet

223 1419 417 1503 repatriandi
428 1442 485 1505 spe
496 1420 599 1504 aliqui
609 1421 745 1486 forsitan
753 1421 971 1506 negligentius
983 1421 1100 1506 coeptis
1110 1421 1279 1499 instarent,

222 1522 290 1585 dux
309 1532 384 1606 post
405 1523 568 1587 modicum
591 1546 652 1587 rex
672 1508 816 1602 futuruS,
838 1524 995 1588 sollicitus
1020 1523 1282 1607 circumjacentia

221 1622 351 1688 sibimet
365 1625 538 1709 subjugare
562 1623 749 1689 'festinabat
796 1625 873 1692 Quo
893 1625 1015 1709 agnito,
1040 1625 1132 1708 regni
1154 1623 1280 1689 invasor

222 1722 385 1789 Haraldus
400 1725 535 1790 collecto
556 1727 715 1791 maturius
730 1726 889 1806 exercitu,
906 1727 1035 1791 adeum
1050 1725 1280 1812 expellendum

220 1826 272 1890 vel
285 1826 395 1910 potius
425 1850 499 1891 eum
521 1828 588 1892 suis
613 1829 762 1892 omnibus
786 1830 1078 1906 exterminandum,
1103 1830 1143 1892 ad
1171 1829 1279 1894 locum

221 1927 279 2010 qui
302 1950 389 1992 nunc
409 1929 540 1993 Bellum
560 1942 766 2016 nuncupatur
789 1931 957 1995 temerarie
980 1931 1146 2008 festinans,
1170 1932 1279 1995 venire

221 2050 288 2092 non
302 2029 497 2095 formidavit.
539 2031 690 2096 Occurrit
704 2033 857 2095 audacter
871 2042 905 2095 et
920 2033 990 2096 dux
1005 2033 1154 2118 equitum
1168 2033 1279 2096 cuneis

220 2131 464 2217 circumseptus.
539 2131 800 2216 Perveniensque
848 2132 889 2196 ad
933 2132 1040 2197 locum
1088 2132 1178 2196 collis
1221 2135 1279 2217 qui

221 2231 450 2298 ⁴Heohelande
460 2233 588 2312 dicitur,
604 2256 623 2297 a
638 2243 729 2318 parte
743 2232 976 2318 Hastingarum
991 2233 1100 2311 situm,
1117 2234 1194 2296 dum
1210 2256 1278 2299 sese

219 2332 356 2398 invicem
371 2335 467 2400 armis
481 2335 608 2400 munire
623 2335 833 2413 contendunt,
849 2357 885 2400 ac
903 2335 1009 2400 eidem
1023 2335 1099 2401 duci
1119 2336 1218 2400 lorica
1238 2337 1278 2402 ad

217 2434 418 2502 induendum
431 2437 619 2522 porrigitur,
635 2456 678 2500 ex
692 2435 856 2522 inproviso
870 2437 997 2501 inversa
1010 2437 1073 2522 ipsi
1094 2438 1202 2502 oblata
1216 2449 1276 2506 est.

220 2536 318 2604 Quod
343 2540 543 2604 advertentes
557 2538 615 2624 qui
636 2540 778 2619 aderant,
800 2541 877 2604 dum
898 2540 948 2603 uti
969 2539 1139 2603 infortunii
1158 2563 1277 2626 praesa-

217 2640 308 2725 gium
332 2651 573 2719 execrarentur,
598 2663 677 2705 mox
700 2651 895 2706 memoratus
918 2641 1008 2706 ducis
1032 2641 1157 2726 dapifer
1181 2642 1277 2707 solita

217 2753 349 2808 cunctos
363 2743 542 2808 constantia
556 2743 764 2828 compescuit,
779 2752 977 2828 protestatus
998 2752 1033 2806 et
1051 2742 1127 2806 hinc
1143 2767 1274 2829 quoque

217 2845 440 2931 prosperitatis
454 2845 608 2910 collatum
622 2844 788 2922 indicium,
805 2845 894 2930 quod
908 2845 1041 2923 scilieet,
1057 2867 1095 2909 ea
1109 2867 1184 2930 quae
1199 2857 1274 2910 ante

215 2947 389 3024 restabant,
405 2956 444 3010 ut
459 2946 626 3032 proposita
648 2946 804 3011 securiter
825 2946 874 3010 illi
897 2968 1025 3010 cessura
1045 2946 1161 3012 forent.
1208 2947 1274 3013 Sed

215 3049 284 3112 dux
306 3049 389 3112 nihil
412 3058 529 3126 motus,
553 3048 648 3112 vultu
679 3048 806 3132 placido
838 3048 970 3112 loricam
1002 3049 1150 3127 induens,
1177 3051 1274 3135 digna

214 3151 378 3215 memoriae
408 3151 615 3215 concionatus
644 3150 750 3215 dixit:
784 3157 804 3186 “
817 3150 903 3228 Scio,
932 3150 1103 3229 karissimi,
1128 3153 1217 3236 quod
1245 3151 1272 3215 si

215 3253 356 3318 sortibus
386 3251 558 3328 crederem,
588 3251 711 3314 bellum
740 3251 835 3315 hodie
872 3251 1057 3315 nullatenus
1092 3252 1270 3318 introirem.

217 3355 282 3418 Sed
310 3375 371 3438 ego
399 3375 451 3418 me
479 3351 625 3416 inomni
650 3352 780 3436 negotio
804 3352 951 3416 Creatori
979 3375 1052 3416 meo
1078 3353 1271 3417 fiducialiter

214 3455 429 3532 committens,
445 3477 504 3519 nec
518 3453 660 3518 sortibus
684 3453 816 3532 credidi,
841 3476 900 3518 nec
925 3476 1079 3539 umquam
1103 3455 1270 3540 sortilegos

214 3558 326 3624 amavi.
359 3557 470 3650 =Unde
485 3567 520 3620 et
534 3557 675 3628 nuncde
691 3557 760 3642 ejus
782 3557 908 3622 auxilio
930 3579 1072 3636 securus,
1087 3558 1129 3622 ad
1150 3568 1269 3622 vestras

215 3661 272 3743 qui
294 3660 358 3724 mei
381 3659 484 3744 gratia
505 3659 567 3724 hoe
591 3658 682 3722 initis
706 3668 867 3723 certamen
889 3659 1136 3724 corroborandas
1155 3682 1269 3725 manus

251 3835 334 3890 ¹The
358 3853 429 3889 same
457 3835 581 3888 anecdota
611 3835 633 3887 is
657 3852 714 3888 nar-
768 3833 932 3886 termination
948 3833 977 3885 of
990 3832 1034 3885 the
1053 3849 1137 3886 omen.
1176 3836 1203 3895 lt
1215 3851 1267 3886 was

214 3906 295 3972 reted,
314 3905 376 3958 with
395 3923 466 3958 some
484 3904 563 4028 slffiht
580 3904 716 3971 'venatica
783 3904 837 3956 uite
858 3903 885 3955 in
903 3902 1041 3967 character,
1059 3901 1186 3968 however,
1204 3902 1267 3955 with

213 3976 249 4046 by
268 3976 388 4029 William
419 3976 449 4028 of
475 3975 506 4028 M
532 3974 663 4044 mesbury,
688 3992 714 4044 p.
766 3983 810 4025 te
836 3972 915 4042 ready
932 3973 977 4025 wit
996 3971 1047 4024 and
1069 3970 1267 4025 determination

213 4050 275 4100 411.
765 4044 795 4094 of
805 4042 970 4095 fitz-Osbert
983 4061 989 4103 ;
1008 4059 1036 4092 as
1048 4057 1109 4109 may
1121 4039 1153 4092 be
1166 4057 1227 4092 seen
1239 4041 1266 4094 in

247 4116 258 4149 ²
279 4114 366 4177 Haut;
385 4095 435 4167 and
448 4113 537 4181 below,
549 4114 599 4180 set,
613 4112 670 4166 MS.
765 4112 809 4164 the
821 4110 945 4164 anecdote
958 4109 1041 4164 which
1055 4109 1197 4232 Brorppton
1209 4127 1266 4164 nar-

248 4186 259 4217 ⁸
277 4186 302 4238 lt
313 4203 373 4256 may
383 4184 415 4238 be
428 4183 559 4250 observed,
572 4183 629 4235 that
641 4180 714 4234 other
765 4191 832 4233 rates
851 4181 881 4233 of
897 4179 960 4246 him,
982 4197 1008 4250 p.
1027 4182 1087 4246 958,
1176 4179 1266 4251 Twys-

214 4255 311 4308 writers
323 4255 446 4308 attribute
458 4263 485 4307 to
500 4253 545 4306 the
558 4252 634 4305 Duke
647 4252 714 4304 him·
766 4250 825 4303 den.

214 4325 265 4377 self
282 4325 326 4378 the
350 4342 459 4405 courage
477 4323 527 4376 and
548 4339 670 4393 presence
688 4322 717 4374 of

214 4394 285 4447 mind
306 4394 392 4448 which
410 4393 523 4447 dictated
545 4411 574 4445 so
591 4391 678 4463 happy
699 4409 714 4443 a
801 4392 810 4421 ⁴
828 4389 911 4442 Juxta
924 4387 1090 4456 Bodeherste‚
1103 4408 1128 4461 p.
1144 4394 1185 4443 11.

1108 4479 1159 4528 1³2
