3278 5162
396 554 460 614 114
708 565 875 614 HISTORIA
899 563 1147 615 FUNDATIONIS

227 739 368 782 memmei·
393 718 471 780 illuc
494 717 583 780 missi
609 717 740 781 fuerant
764 718 799 780 in
824 717 978 802 Angliam
1003 716 1226 793 remittuntur,
1254 715 1450 800 duobusque

228 791 358 881 ldffidi'v'.
395 819 527 903 Angliae
551 819 721 905 episcopis,
744 819 886 883 Ricardo
910 819 1033 882 scilicet
1048 817 1278 895 Londoniensi,
1300 828 1334 881 et
1354 817 1450 880 Joce·

227 892 350 992 bilius
394 921 462 984 lino
490 920 734 998 saresberiensi,
762 943 857 984 causa
879 922 991 984 eadem
1017 920 1176 983 audienda
1199 931 1233 983 et
1247 919 1449 982 terminanda

228 991 366 1080 1111111πά
394 1021 586 1086 auctoritate
609 1021 786 1107 apostolica
810 1022 1034 1086 committitur.
1084 1021 1179 1084 Licet
1207 1020 1294 1084 enim
1317 1020 1448 1083 domino

392 1143 486 1208 papae
507 1124 546 1187 de
563 1125 638 1208 jure
653 1123 797 1186 ecclesiae
812 1123 914 1186 sancti
930 1122 1067 1186 Martini
1083 1123 1122 1186 de
1138 1121 1242 1199 Bello,
1268 1121 1447 1206 quinetiam

392 1225 454 1288 toti
469 1227 568 1289 curiae
584 1225 742 1289 Romans
758 1225 833 1288 satis
849 1224 1040 1301 constiterit,
1065 1235 1136 1287 tum
1156 1247 1200 1286 ex
1214 1223 1322 1287 clerici
1337 1223 1446 1307 cujus-

392 1326 465 1389 dam
481 1326 662 1390 Alexandri
686 1327 816 1390 nomine
843 1327 901 1411 qui
926 1326 1012 1390 vices
1036 1327 1181 1410 ejusdem
1204 1325 1346 1390 ecclesiae
1367 1335 1446 1387 tunc

391 1427 513 1490 ibidem
535 1429 761 1513 exequebatur
775 1430 847 1492 viva
862 1428 1048 1506 assertione,
1073 1440 1145 1491 tum
1165 1451 1208 1491 ex
1224 1427 1346 1491 domini
1362 1426 1447 1489 Can-

392 1529 562 1592 tuariensis
584 1530 816 1616 archiepiscopi
833 1531 1025 1608 Theobaldi,
1047 1541 1080 1594 et
1094 1530 1295 1614 quarundam
1310 1528 1447 1592 aliarum

390 1653 599 1714 personarum
613 1634 810 1710 testimonio,
833 1655 908 1716 quae
931 1633 1071 1718 propriis
1087 1631 1189 1696 oculis
1209 1631 1286 1709 visa,
1311 1631 1445 1694 auribus

394 1731 516 1812 audita,
531 1734 681 1798 manibus
697 1746 906 1812 contrectata,
930 1735 1050 1820 scripto
1064 1743 1263 1812 notaverant,
1285 1745 1318 1796 et
1332 1732 1447 1817 sigillis

392 1834 459 1897 suis
473 1835 599 1898 munita
613 1837 654 1898 ad
669 1837 803 1900 eandem
818 1837 940 1900 curiam
955 1837 1206 1914 transmiserant,
1217 1835 1324 1898 noluit
1338 1845 1446 1897 tamen

392 1935 541 1999 dominus
565 1957 649 2018 papa
663 1935 868 1998 diffinitivam
882 1935 1086 2019 promulgare
1112 1933 1316 2011 sententiam,
1349 1931 1445 2016 quin-

391 2038 491 2102 immo
515 2060 640 2102 causam
672 2037 773 2121 ipsam
793 2038 861 2122 jam
883 2036 979 2099 dictis
1000 2035 1159 2120 episcopis
1183 2033 1344 2098 commisit
1362 2031 1446 2095 diffi-

392 2140 553 2204 niendam.
600 2139 743 2202 Rediens
766 2141 802 2202 in
826 2138 979 2222 Angliarn
1004 2137 1160 2223 praefatus
1186 2137 1319 2200 clericus
1342 2133 1446 2198 Alex·

393 2242 502 2318 ander,
523 2239 664 2304 mandati
687 2238 856 2322 apostolici
871 2239 1012 2324 bajulus,
1040 2239 1200 2324 episcopis
1213 2236 1296 2301 illud
1307 2255 1447 2321 praesen-

393 2337 485 2420 tavit,
512 2353 546 2404 et
578 2352 617 2403 ut
641 2363 715 2424 pars
740 2341 871 2404 adversa
901 2342 1055 2404 citaretur
1084 2339 1238 2404 obtinuit.
1284 2337 1447 2405 Quotiens

392 2443 493 2526 igitur
508 2442 651 2506 canonici
674 2452 782 2505 actum
806 2442 1073 2526 subterfugerint,
1102 2441 1254 2526 quotiens
1268 2439 1448 2504 dissimula-

390 2545 506 2622 verint,
532 2543 683 2628 quotiens
706 2545 895 2608 mandatum
923 2544 1135 2629 apostolicum
1162 2544 1237 2628 plus
1260 2554 1328 2607 arte
1349 2565 1447 2626 quam

391 2647 526 2710 veritate
553 2645 741 2724 deluserint,
767 2647 918 2730 quotiens
941 2669 975 2710 re
1006 2647 1113 2710 minus
1138 2646 1311 2710 efficaciter
1335 2667 1448 2730 proce-

392 2749 488 2811 dente
512 2747 629 2810 iterata
644 2747 835 2831 conquestio
849 2769 936 2810 nunc
952 2748 993 2810 ad
1007 2747 1111 2832 regias
1126 2748 1171 2811 cis
1186 2770 1284 2826 mare,
1305 2770 1389 2811 nunc
1404 2748 1444 2812 ad

391 2848 582 2932 apostolicas
598 2858 685 2911 trans
707 2871 794 2911 mare
810 2849 916 2912 delata
935 2849 977 2912 sit
1000 2871 1102 2927 aures,
1127 2872 1193 2913 uon
1216 2860 1266 2914 est
1281 2851 1338 2934 qui
1353 2850 1447 2913 facile

391 2949 493 3033 possit
521 2949 694 3033 explicare.
740 2948 820 3012 Post
849 2950 1045 3035 multiplices
1075 2952 1203 3014 tandem
1232 2952 1447 3036 fatigationes,

391 3049 588 3135 praescriptis
598 3051 774 3136 judicibus,
785 3061 856 3114 tum
871 3052 1046 3136 apostolica
1058 3063 1129 3116 tum
1141 3054 1230 3138 regia
1244 3053 1446 3132 auctoritate,

392 3152 593 3238 praecipitur,
610 3163 649 3216 ut
664 3152 750 3215 omni
765 3152 929 3217 occasione
943 3163 1077 3232 remota,
1092 3157 1240 3240 partibus
1256 3156 1447 3234 convocatis,

394 3279 444 3321 res
459 3257 571 3320 audita
586 3267 620 3319 et
635 3255 740 3319 decisa
751 3257 842 3341 justo
857 3267 891 3320 et
905 3256 1015 3320 debito
1030 3257 1093 3320 fine
1110 3259 1311 3322 terminetur.

228 3373 290 3413 arm
302 3374 365 3414 muer
440 3359 547 3442 Igitur
569 3358 637 3422 dies
660 3359 897 3442 peremptorius
916 3358 1099 3444 praefigitur
1115 3360 1263 3443 partibus
1284 3361 1371 3445 apud
1388 3359 1448 3422 vil-

232 3423 291 3484 delap
300 3425 335 3464 the

231 3479 361 3564 ffiff'
395 3461 459 3524 larn
475 3480 550 3544 quae
565 3460 684 3522 dicitur
701 3459 826 3537 Staues,
843 3471 881 3523 ut
905 3460 971 3523 illic
985 3460 1121 3524 veritate
1144 3462 1192 3524 rei
1207 3462 1395 3546 diligentius
1410 3485 1446 3526 ac

231 3536 369 3664 ἱιζιέἶιίηοιικίῑιι
396 3561 525 3644 plenius
545 3560 701 3644 inquisita
717 3561 857 3646 justitiae
878 3561 1049 3646 plenitudo
1063 3562 1228 3626 hincinde
1244 3564 1447 3628 exhibeatur.

244 3636 338 3765 oui?
398 3659 463 3723 Die
490 3671 524 3723 et
548 3660 620 3724 loco
642 3661 855 3726 determinato
879 3664 968 3727 adest
993 3663 1042 3728 vir
1067 3665 1260 3728 venerabilis
1283 3664 1449 3728 Jocelinus

398 3765 568 3849 episcopus
600 3762 860 3845 saresberiensis,
889 3779 1000 3831 assunt
1029 3779 1063 3832 et
1093 3769 1225 3853 quidam
1253 3789 1296 3830 ex
1325 3765 1448 3829 clericis

396 3865 457 3929 viri
482 3865 674 3928 venerabilis
701 3865 834 3930 Ricardi
861 3869 1005 3954 episcopi
1029 3868 1276 3946 Londoniensis,
1303 3878 1381 3930 tunc
1406 3889 1448 3929 ne

396 3967 463 4032 illic
477 3968 648 4032 interesset
661 3968 803 4053 corporis
818 3969 1029 4035 invalitudine
1045 3971 1180 4049 detenti,
1192 3980 1303 4034 assunt
1317 3970 1449 4053 inquam

397 4070 526 4134 1101111110
549 4069 781 4134 saresberiensi
807 4071 841 4134 in
857 4073 989 4156 -judicio
1011 4073 1175 4152 assessuri,
1201 4070 1447 4154 commissasque

390 4171 457 4240 ‚sibi
473 4171 558 4235 vices
574 4172 695 4235 domini
711 4172 761 4236 sui
776 4174 957 4237 executuri.

293 4309 296 4316 ,
389 4331 398 4348 „
438 4272 568 4338 Abbate
589 4275 630 4337 ad
648 4274 733 4337 diem
755 4284 788 4337 et
807 4274 914 4338 locum
934 4298 999 4338 non
1015 4275 1049 4339 in
1063 4275 1195 4361 propria
1217 4296 1364 4358 persona,
1393 4273 1450 4336 sed

393 4395 451 4457 per
466 4385 705 4458 procuratorem
722 4375 936 4440 sufficientem
957 4389 1143 4462 apparente,
1168 4400 1242 4463 pars
1263 4377 1393 4440 adversa
1408 4374 1448 4437 de
