3278 5162
337 526 380 590 90
642 533 812 586 11110111
834 530 1080 584 1111110111

336 701 444 768 matae,
467 689 503 753 in
525 687 700 774 praesentia
722 697 829 750 vestra
850 695 884 747 et
906 682 1051 746 omnium
1071 680 1124 744 hic
1142 677 1401 744 1111110111οο1-

336 793 519 858 sistentium
543 791 694 878 primitus
716 789 744 853 si
774 787 900 874 jubetis
925 783 1128 849 audiantur.'’
1193 781 1286 845 Tunc
1311 781 1400 845 idem

335 898 435 960 abbas
448 895 582 959 tradidit
601 903 721 958 cartam
743 891 828 976 regis
848 887 1009 952 Willelmi
1033 884 1142 970 magni
1165 883 1296 947 domino
1315 882 1397 966 regi,

331 1001 510 1084 jussusque
534 999 575 1062 ab
598 997 712 1060 eodem
727 994 861 1080 quidam
875 1015 919 1056 ex
933 989 1057 1055 clericis
1071 989 1106 1052 in
1121 987 1238 1051 auditu
1251 985 1397 1050 omnium

334 1101 484 1187 perlegit.
530 1099 607 1168 Qua
619 1099 773 1185 perlecta,
797 1096 938 1160 Thomas
951 1092 1037 1178 regis
1051 1088 1259 1155 cancellarius
1273 1088 1396 1173 episco-

335 1227 416 1289 pum
439 1201 674 1266 Cicestrensem
696 1198 871 1284 respiciens
895 1195 1000 1260 dixit:
1028 1192 1205 1256 “Domine
1234 1191 1394 1276 episcope,

335 1305 459 1369 audivit
473 1304 588 1368 caritas
600 1313 708 1368 vestra
722 1323 798 1386 quae
815 1300 869 1363 hic
884 1320 992 1362 coram
1007 1295 1138 1360 domino
1152 1316 1227 1379 rege
1242 1293 1393 1357 omnibus

334 1405 541 1470 audientibus
565 1415 637 1468 acta
660 1412 747 1468 sunt.
793 1400 891 1464 Nunc
915 1399 1027 1482 igitur,
1042 1397 1071 1460 si
1097 1396 1178 1480 quid
1198 1405 1310 1459 contra
1323 1395 1394 1458 haec

332 1518 449 1571 vestrae
463 1507 623 1592 placuerit
635 1504 819 1592 prudentiae
833 1502 1037 1586 respondere,
1047 1498 1175 1562 licitum
1186 1507 1246 1564 est.
1268 1497 1324 1562 Ad
1337 1520 1395 1561 vos

334 1611 432 1688 enim,
451 1618 490 1674 ut
504 1609 598 1674 nobis
607 1609 744 1684 videtur,
760 1605 894 1691 respicit
907 1603 1060 1690 parabola
1068 1600 1171 1666 haec.”
1216 1600 1310 1666 Tunc
1325 1600 1394 1685 epi·

333 1733 451 1797 scopus
466 1734 601 1795 surgens
615 1711 662 1775 ita
677 1732 813 1774 exorsus
828 1718 888 1772 est.

171 1813 322 1907 {RQ
377 1817 398 1848 “
414 1814 449 1878 N
449 1836 492 1876 on
506 1813 615 1877 studio
630 1835 717 1891 sane,
731 1821 771 1876 ut
783 1811 962 1874 multorum
984 1808 1082 1872 moris
1108 1829 1177 1874 esse
1202 1805 1391 1884 dinoscitur,

171 1917 288 2006 Ἠῶ
331 1937 391 2001 per
406 1916 518 1979 orbem
532 1915 680 2000 vagandi,
696 1915 754 1978 sed
768 1935 875 1978 amore
891 1923 925 1976 et
937 1912 1061 1975 honore
1075 1909 1186 1989 vestri,
1203 1909 1332 1973 domine
1345 1908 1390 1970 mi

331 2040 403 2094 rex,
422 2017 649 2103 hujuscemodi
670 2017 791 2082 inscius
813 2015 1038 2101 oppositionis,
1050 2013 1086 2077 in
1106 2013 1158 2076 his
1179 2013 1272 2096 regni
1292 2011 1392 2075 vestri
1455 2093 1459 2102 .

332 2120 480 2206 partibus
505 2142 579 2184 cum
608 2119 681 2184 aliis
711 2119 927 2205 praesentibus
960 2115 1106 2181 conveni.
1170 2114 1332 2183 Quocirca
1363 2113 1390 2176 si

331 2223 435 2300 vobis,
460 2233 494 2285 et
518 2221 640 2300 abbati,
671 2222 808 2305 aliisque
828 2221 882 2284 hic
908 2219 1000 2284 vobis
1024 2241 1132 2283 coram
1154 2216 1279 2303 positis,
1303 2215 1391 2280 dulci

332 2323 544 2408 complaceret
556 2324 685 2400 affectu,
698 2323 785 2386 salvo
796 2323 872 2407 jure
884 2321 1027 2384 ecclesiae
1038 2330 1158 2384 nostrae
1169 2318 1389 2396 cicestrensis,

331 2435 367 2488 et
380 2424 524 2488 ecclesiae
539 2425 578 2488 de
594 2423 700 2502 Bello,
715 2423 804 2508 pacis
826 2423 1017 2507 compositio
1031 2419 1117 2487 inte'r
1137 2445 1190 2485 me
1206 2430 1240 2485 et
1253 2422 1389 2506 praedic-

333 2537 403 2590 tum
432 2525 583 2590 abbatem
618 2526 710 2590 vobis
736 2524 955 2589 mediantibus
989 2523 1062 2587 fieri
1101 2523 1188 2588 foret
1223 2522 1387 2609 possibile.

331 2627 464 2691 Etenim
478 2629 543 2693 huc
558 2629 616 2693 tali
636 2629 748 2693 ordine
771 2627 896 2692 adveni.
942 2626 1043 2694 Quod
1067 2626 1095 2689 si
1117 2627 1179 2690 hoc
1193 2636 1299 2690 vestro
1321 2648 1388 2689 non

331 2730 485 2794 insedisse
500 2731 608 2795 animo
623 2730 837 2815 cognoverim,
854 2730 1025 2814 ingruente
1039 2729 1241 2808 necessitate,
1250 2751 1310 2814 pro
1323 2751 1387 2806 me,

331 2842 366 2896 ct
390 2855 449 2916 pro
472 2834 606 2897 ecclesia
630 2833 823 2897 cicestrensi
845 2832 926 2895 mihi
950 2831 1128 2910 commissa,
1141 2842 1180 2895 ut
1199 2831 1387 2917 hujusmodi

331 2934 580 3019 inpraemunitus
599 2936 813 3021 oppositionis
834 2944 868 2999 et
881 2936 1012 3019 ignarus
1026 2935 1249 2999 satisfaciam.”

367 3038 599 3102 Renuentibus
609 3037 803 3123 quibusdam
811 3037 900 3122 pacis
908 3036 979 3100 fieri
990 3037 1266 3122 compositionem,
1277 3037 1386 3102 dicen·

332 3139 421 3203 tibus
437 3140 535 3204 etiam
549 3163 618 3204 rem
632 3140 721 3204 illam
735 3139 793 3204 diu
801 3139 887 3203 inter
901 3139 975 3202 illos
989 3138 1132 3204 habitam
1140 3139 1205 3203 fine
1217 3140 1315 3224 digno
1330 3141 1387 3204 de·

331 3242 408 3305 bere
430 3243 590 3321 concludi,
605 3265 665 3307 nec
684 3243 885 3328 inposterum
905 3241 1101 3328 prolongari,
1116 3242 1287 3328 episcopus
1308 3266 1386 3307 voce

331 3343 456 3410 elevata
468 3346 680 3410 reticentibus
702 3345 852 3410 omnibus
866 3345 973 3410 dixit:
1005 3345 1126 3412 “Quia
1139 3369 1207 3430 pax
1229 3346 1387 3432 composi-

331 3446 431 3512 tionis
453 3448 538 3513 inter
553 3472 611 3513 nos
625 3447 717 3513 vobis
738 3448 981 3533 inpedientibus
1001 3447 1074 3511 fieri
1093 3471 1159 3512 non
1184 3459 1302 3534 potest,
1325 3471 1385 3532 ego

331 3569 407 3633 quae
421 3550 565 3614 ecclesiae
580 3571 661 3614 meae
677 3549 886 3615 cicestrensis
896 3549 981 3635 juris
996 3559 1073 3614 sunt
1087 3561 1122 3616 et
1142 3573 1210 3614 rem
1227 3552 1385 3616 internos

329 3651 485 3715 hactenus
510 3652 664 3730 habitam,
685 3651 811 3736 patenti
832 3652 956 3716 ratione
972 3652 1102 3716 domino
1126 3653 1197 3736 regi
1220 3653 1385 3718 omnibus·

332 3775 396 3838 que
411 3753 464 3817 hic
476 3753 725 3818 consistentibus
739 3753 909 3839 pandam.’‘
954 3753 1026 3818 Hac
1041 3754 1142 3838 igitur
1155 3778 1233 3820 usus
1246 3757 1383 3837 ratione,

331 3854 392 3918 hoc
407 3856 503 3919 modo
518 3854 659 3940 incepit:

374 3961 397 3993 “
408 3956 526 4020 Jhesus
540 3955 699 4036 Christus,
714 3956 842 4021 domine
856 3957 902 4020 mi
915 3958 1008 4036 rex,”
1022 3968 1056 4021 et
1071 3968 1222 4043 repetens
1237 3959 1385 4025 Christus

330 4057 447 4123 Jhesus
467 4057 629 4123 Dominus
650 4069 769 4136 noster,
785 4059 947 4143 tertioque
962 4059 1129 4138 reiterans,
1147 4066 1168 4096 “
1178 4062 1319 4140 audite,’'
1333 4062 1384 4126 in·

329 4161 413 4244 quit,
445 4165 589 4226 “omnes
612 4172 647 4225 ct
667 4161 852 4245 intelligite.
905 4161 1023 4227 Jhesus
1052 4161 1201 4228 Christus
1223 4165 1384 4229 Dominus

328 4273 438 4327 noster
471 4263 563 4328 binas
591 4264 771 4328 mansiones
805 4274 1047 4352 potestatesque
1086 4266 1178 4330 binas
1215 4268 1250 4330 in
1285 4269 1383 4355 hujus

329 4364 427 4430 seculi
455 4364 664 4450 dispositione
687 4365 877 4444 constituit;
904 4389 1002 4431 unam
1025 4367 1149 4433 scilicet
1170 4370 1381 4455 spiritualem,
