3278 5162
339 547 380 608 62
638 561 805 611 niernum
831 559 1078 610 runcanoms

337 711 485 788 donatur,
516 710 724 794 ecclesiaeque
749 710 788 772 de
814 710 908 774 Bello
932 710 1081 794 quaedam
1106 719 1191 771 terra
1216 709 1287 772 lxx.
1314 709 1389 772 soli-

337 813 462 891 dorum,
486 811 567 895 regii
582 811 705 874 scilicet
726 811 859 875 manerii
874 811 1030 874 vocabulo
1046 811 1175 874 Mienes
1197 811 1387 888 membrum,

337 915 424 998 quod
432 924 565 977 vocatur
573 912 825 997 Langenhersse,
837 913 872 975 in
882 913 1114 998 possessionem
1123 921 1278 975 aeternam
1286 911 1388 974 libere

337 1017 485 1093 tenenda,
512 1026 545 1078 et
569 1017 609 1078 ab
633 1015 781 1091 omnibus
811 1014 1099 1078 consuetudinibus
1122 1013 1235 1098 quieta
1260 1035 1388 1076 excam-

335 1117 453 1182 biatur.
500 1116 577 1183 Quo
595 1139 668 1180 cum
682 1103 781 1199 regiae
793 1117 970 1202 majestatis
984 1115 1174 1179 auctoritate
1189 1115 1389 1192 confirmato,

336 1228 369 1282 et
395 1218 548 1301 utrinque
574 1236 733 1296 eoncess0,
757 1241 836 1280 mox
861 1219 901 1280 ad
925 1216 1055 1302 Angliae
1074 1215 1227 1294 reditum,
1249 1217 1388 1280 redeun-

335 1320 423 1382 tibus
447 1320 577 1382 domum
602 1319 766 1396 fratribus,
800 1318 967 1382 ecclesiam
999 1318 1189 1402 praedictam
1217 1319 1387 1402 episcopus

334 1421 487 1498 obtinuit,
518 1443 644 1484 necnon
677 1429 712 1482 et
748 1420 847 1482 abbas
875 1419 1063 1504 praedictam
1091 1419 1324 1504 possessionem
1352 1419 1387 1482 in

334 1523 477 1587 ecclesiae
493 1541 561 1584 suae
571 1523 647 1606 jura
660 1521 795 1605 redegit.

172 1644 227 1732 alen
213 1655 261 1683 ιιιιι
272 1644 308 1684 the
376 1625 539 1710 Episcopo
549 1634 658 1687 autern
669 1623 821 1702 seifrido,
831 1634 869 1687 ut
879 1625 947 1708 jam
956 1622 1170 1701 meminimus,
1183 1623 1271 1707 apud
1281 1621 1387 1686 Cices-

172 1707 219 1832 {hm
203 1707 287 1832 agnobi
291 1725 428 1832 ostriam
455 1725 659 1810 episcopatus
683 1727 785 1809 gradu
814 1726 966 1788 sublimat
953 1735 997 1804 te,
1028 1747 1102 1788 cum
1130 1725 1193 1809 ipsi
1219 1735 1252 1788 et
1278 1725 1387 1788 abbati

172 1843 222 1882 οιιιι
197 1805 313 1891 fita-⁰
333 1827 489 1911 praedicto
504 1838 618 1891 mutua
630 1827 816 1890 videretur
806 1849 910 1890 messe
926 1827 1105 1904 concordia,
1127 1849 1258 1890 suorum
1278 1837 1387 1890 tamen

333 1929 577 2014 importunitate
600 1929 750 1991 abbatem
776 1927 945 2012 episcopus
967 1927 1126 2010 synodum
1151 1950 1251 2006 suam,
1268 1927 1302 1990 in
1317 1928 1387 2012 ipsa

333 2040 545 2114 utrorumque
567 2029 691 2094 recenti
719 2029 933 2113 promotione,
961 2029 1047 2092 adire
1076 2029 1284 2092 summonuit.
1330 2029 1386 2092 Ad

333 2133 431 2216 quod,
452 2133 529 2195 dum
544 2155 621 2196 sano
635 2153 713 2194 usus
736 2131 879 2208 consilio,
904 2153 923 2193 a
944 2130 1041 2215 pleno
1056 2153 1123 2194 suae
1139 2131 1282 2194 ecclesiae
1300 2132 1387 2216 capi-

333 2233 414 2310 tulo,
431 2235 518 2317 quod
539 2233 599 2296 sibi
623 2233 783 2314 agendum
797 2231 893 2309 foret,
910 2233 1006 2295 abbas
1021 2233 1172 2316 providus
1186 2233 1385 2318 requisisset,

332 2335 446 2397 fratres
460 2357 583 2397 morem
597 2333 752 2397 hactenus
767 2343 927 2396 servatum
947 2333 1133 2411 inferentes,
1154 2357 1198 2396 ex
1218 2335 1306 2418 regia
1324 2335 1386 2399 hoc

333 2435 523 2498 auctoritate
559 2435 779 2510 ostenderunt,
814 2436 902 2517 quod
930 2457 990 2520 pro
1019 2435 1109 2498 nulla
1138 2437 1386 2500 summonitione

320 2559 392 2612 nec
416 2537 583 2600 exactione
609 2535 669 2598 hoc
689 2535 760 2600 fieri
782 2546 956 2620 oporteret,
983 2537 1038 2600 sed
1058 2537 1085 2598 si
1100 2537 1162 2600 sibi
1176 2560 1234 2622 per
1248 2537 1387 2601 liberum

332 2639 499 2702 arbitrium
520 2639 598 2702 illuc
618 2639 669 2701 vel
694 2637 772 2702 alias
793 2637 840 2701 ire
855 2639 1039 2723 placuisset,
1055 2639 1156 2702 libere
1173 2661 1270 2722 quern
1289 2640 1387 2704 vellet

171 2765 272 2843 malm·
332 2741 452 2824 absque
482 2740 664 2825 calumpnia
692 2740 780 2803 adire
815 2740 943 2804 valeret.
998 2740 1074 2808 Quo
1104 2741 1201 2804 abbas
1233 2764 1386 2826 responso

296 2831 302 2845 ⁸
332 2843 536 2920 certificatus,
552 2842 739 2927 episcopum
753 2843 920 2906 ultroneus
935 2841 1034 2918 adiit,
1052 2865 1178 2906 causam
1193 2843 1387 2926 dignitatum

333 2944 487 3022 ecclesiae,
519 2943 571 3006 cui
599 2952 749 3027 praeerat,
780 2943 950 3026 exposuit;
981 2965 1041 3006 nec
1070 2967 1102 3006 se
1138 2945 1385 3008 summonitione

332 3057 478 3110 coactum
499 3045 673 3122 advenisse,
692 3045 803 3108 sedne
818 3055 932 3108 mutua
945 3044 1030 3108 inter
1045 3068 1099 3109 eos
1115 3046 1228 3110 caritas
1243 3069 1300 3108 sua
1310 3049 1387 3131 jura

331 3147 486 3211 hactenus
502 3147 668 3210 observata
681 3145 832 3222 violaret3
854 3146 998 3230 flagitare
1013 3169 1047 3210 se
1062 3157 1100 3210 ut
1115 3147 1281 3210 ecclesiam
1296 3170 1386 3210 suam

332 3259 366 3312 et
389 3271 422 3313 se
446 3249 480 3312 in
504 3271 583 3333 pace
599 3248 776 3312 secundum
790 3270 912 3311 morem
926 3248 1100 3332 pristinum
1115 3271 1183 3312 esse
1198 3248 1328 3328 sineret,
1344 3271 1385 3312 ne

331 3351 472 3415 deterius
488 3350 654 3435 quippiam
679 3349 864 3435 hujusmodi
889 3349 974 3413 forte
996 3349 1214 3412 simultatibus
1237 3351 1384 3414 oriretur.

332 3453 463 3519 Quibus
491 3442 643 3536 pontifeir
671 3451 868 3535 pacificatus,
898 3473 1026 3514 omnem
1049 3450 1242 3534 calumpniae
1264 3453 1386 3516 nodum

331 3553 486 3632 dissolvit,
497 3553 727 3635 ecclesiamque
743 3563 776 3615 et
791 3551 929 3615 eundern
944 3553 1094 3616 abbatem
1103 3552 1222 3636 oppido
1238 3553 1384 3637 diligens,

332 3652 465 3716 consilio
481 3664 514 3716 et
529 3654 653 3718 auxilio
667 3654 808 3717 studiose
823 3653 1022 3737 praelationis
1043 3675 1111 3716 suae
1127 3664 1272 3739 tempore
1293 3656 1385 3720 fovit.

214 3778 227 3856 g
259 3778 282 3806 e·
332 3753 591 3819 Restauraticnis
605 3755 705 3839 igitur
720 3755 864 3818 ecclesiae
880 3755 982 3820 indies
997 3755 1187 3840 proficiente
1214 3766 1302 3820 statu
1325 3759 1385 3821 sub

292 3843 298 3858 ⁸
330 3858 487 3942 praedieto
501 3859 628 3935 abbate,
653 3858 754 3942 coepit
767 3857 865 3936 idern,
891 3880 1015 3921 summa
1028 3857 1200 3942 prudentia
1221 3868 1255 3921 et
1268 3859 1387 3942 sagaci-

330 3970 398 4024 tate
413 3981 500 4038 usus,
516 3961 557 4023 ad
571 3960 708 4022 fratrum
721 3982 892 4023 numerum
906 3959 1190 4044 multiplicandum
1209 3982 1386 4024 accommo-

331 4063 405 4125 dare
432 4061 586 4138 studium,
610 4061 789 4144 domusque
804 4059 870 4122 Dei
884 4059 1005 4122 salubri
1020 4059 1198 4125 delectatus
1212 4061 1336 4139 decore,
1353 4072 1387 4124 et

332 4163 475 4226 ecclesiae
501 4173 626 4247 partem
655 4161 789 4246 plumbo
813 4161 953 4245 operuit,
979 4171 1013 4224 et
1037 4160 1149 4224 multis
1173 4184 1209 4225 ac
1223 4161 1386 4245 praeclaris

332 4263 536 4341 ornamentis
560 4286 626 4326 non
647 4262 751 4325 solum
775 4261 810 4324 in
835 4261 917 4325 vasis
941 4261 1034 4325 altari
1058 4263 1153 4346 aptis,
1177 4273 1311 4346 argento
1334 4261 1386 4326 vel

331 4387 408 4428 auro
432 4365 590 4448 pretiosis,
618 4363 674 4426 sed
698 4374 731 4425 et
748 4363 782 4426 in
797 4363 906 4447 cappis
921 4375 954 4426 et
969 4363 1061 4442 albis,
1083 4364 1256 4448 palliisque
1271 4364 1386 4448 praeci-
