3240 5154
531 567 754 619 nounsrnsu
781 567 830 617 un
855 567 981 618 annno,
1213 553 1275 617 139

224 719 395 797 Walteri0,
413 721 463 783 vir
479 719 614 784 illustris
635 721 795 784 Ricardus
817 721 856 782 de
872 716 954 784 Luci
969 721 1070 783 frater
1084 721 1155 804 ejus
1170 741 1278 782 curam
1292 739 1418 831 {³⁰¹³”bhd‘

224 821 339 884 domus
355 823 521 886 destitutae
537 823 639 908 coepit
653 821 824 905 diligenter
839 845 943 905 agere,
968 823 1170 907 fratrumque
1188 823 1280 885 deso·
1291 803 1424 930 0¹:¹3an

223 922 367 987 latorum
398 925 503 1008 quieti
528 935 562 988 et
585 925 796 996 consolationi
821 925 1001 1009 providere.
1047 924 1181 988 Nemini
1205 947 1281 988 vero
1292 903 1434 1031 ἓξὲριέἒῗὲἒτέε

225 1024 380 1089 fratribus
394 1028 501 1090 minus
516 1027 644 1111 cognito
659 1027 711 1090 vel
725 1037 875 1112 suspecto
888 1027 993 1090 voluit
1007 1028 1121 1090 domus
1136 1029 1281 1090 commit·
1293 1041 1408 1132 3:310!ch

227 1136 294 1189 tere
323 1129 592 1212 procurationem,
620 1129 677 1212 qui
707 1151 818 1191 eorum
845 1129 956 1212 quavis
984 1129 1149 1192 occasione
1172 1139 1282 1214 posset

225 1231 413 1312 perturbare
435 1232 588 1314 quietem.
633 1229 738 1293 Erant
759 1240 868 1294 autem
890 1232 955 1293 duo
970 1231 1075 1294 fidelis
1097 1231 1280 1315 prudentiae

227 1331 287 1394 viri
307 1332 342 1394 in
367 1333 469 1416 burgo
490 1333 529 1396 de
545 1331 639 1394 Bello
653 1355 723 1416 prae
737 1332 864 1396 foribus
884 1333 1070 1420 monasterii
1084 1333 1282 1396 mansionem

226 1433 391 1511 habentes,
416 1433 533 1498 Petrus
548 1434 671 1497 scilicet
686 1435 725 1497 de
743 1434 829 1506 Criel
845 1435 938 1498 miles
953 1446 987 1498 et
1003 1434 1104 1518 Hugo
1120 1435 1159 1497 de
1175 1435 1282 1498 Beche
1332 1489 1334 1492 .

227 1535 285 1618 qui
308 1559 352 1599 ex
375 1536 614 1600 habitationum
629 1558 759 1598 suarum
774 1537 938 1600 vicinitate
954 1539 994 1600 ab
1010 1537 1089 1621 ipsis
1102 1537 1171 1600 fere
1186 1559 1284 1600 cuna-

226 1637 312 1700 bulis
326 1638 515 1722 frequentes
539 1635 710 1701 habebunt
735 1639 775 1701 ad
800 1638 916 1702 fratres
936 1661 1091 1716 accessus,
1119 1640 1153 1702 in
1174 1638 1285 1702 multis

229 1739 362 1822 agendis
386 1739 530 1802 ecclesiae
551 1739 663 1802 fideles
683 1738 817 1818 inventi,
839 1751 874 1803 et
893 1741 967 1804 ideo
987 1741 1073 1804 inter
1087 1741 1206 1804 amicos
1220 1741 1285 1804 fra-

229 1850 316 1902 trum
331 1841 425 1906 amici
447 1841 697 1904 familiarissimi.
741 1841 860 1906 Virum
874 1842 1035 1906 illustrem
1050 1843 1228 1907 Ricardum
1244 1844 1284 1906 de

230 1940 313 2004 Luci
336 1965 433 2028 super
449 1943 500 2006 his
520 1966 586 2006 non
599 1943 708 2020 latuit,
725 1943 846 2028 quippe
862 1967 937 2007 cum
951 1945 1121 2008 amborum
1135 1946 1285 2008 notitiam

227 2044 422 2128 jampridem
436 2045 612 2121 habuisset,
630 2044 783 2127 quoniam
796 2044 895 2108 fratre
911 2067 970 2108 suo
985 2045 1145 2109 Walterio
1167 2047 1284 2109 abbate
1319 2064 1334 2108 .·

230 2146 415 2229 superstite,
449 2147 535 2210 inter
562 2147 684 2231 primos
712 2146 772 2210 sibi
803 2147 1058 2210 ministrantium
1086 2148 1287 2211 habebantur

233 2247 340 2330 primi.
387 2247 450 2312 His
477 2249 589 2333 itaque
614 2249 829 2314 demandato
857 2271 916 2312 suo
945 2249 986 2312 ad
1011 2272 1044 2312 se
1069 2249 1285 2328 venientibus,

232 2349 333 2412 totius
356 2351 544 2414 monasterii
566 2373 676 2414 curam
702 2351 737 2413 in
759 2350 956 2415 secularibus
980 2352 1149 2428 commisit,
1173 2351 1287 2436 praeci-

230 2451 323 2534 piens
346 2462 385 2515 ut
398 2451 552 2516 fratribus
573 2453 607 2514 in
629 2453 815 2528 necessariis
829 2453 933 2516 victus
954 2465 989 2516 et
1003 2455 1139 2517 vestitus
1152 2455 1287 2518 honeste

231 2553 447 2637 providerent,
471 2553 667 2638 reparationi
697 2555 866 2616 domorum
891 2555 926 2616 in
956 2555 1075 2639 quibus
1100 2555 1215 2619 fratres
1244 2577 1287 2620 ex

232 2655 373 2738 regulari
403 2655 636 2718 consuetudine
665 2655 783 2716 cotidie
810 2655 1016 2733 conveniunt,
1051 2679 1125 2718 cum
1152 2657 1289 2720 officinis

233 2755 305 2819 aliis
326 2756 463 2820 fratrum
486 2757 599 2819 usibus
619 2755 805 2820 necessariis
830 2756 1048 2834 intenderent,
1074 2757 1289 2822 servientibus

233 2881 364 2942 quoque
380 2860 436 2944 qui
460 2859 494 2922 in
517 2881 629 2922 eorum
652 2859 815 2922 communi
836 2859 1114 2924 administratione
1136 2870 1239 2938 erant,
1255 2872 1290 2924 et

233 2961 301 3024 sine
315 2961 434 3046 quibus
445 2985 513 3025 esse
524 2984 590 3024 non
598 2972 760 3045 poteraut,
769 2983 908 3046 congrue
918 2963 1149 3047 prospicerent.
1181 2963 1290 3027 Susci-

233 3062 360 3146 pientes
385 3061 420 3124 hi
440 3063 505 3126 duo
525 3063 586 3125 viri
608 3063 844 3146 procurationis
865 3065 1008 3127 officium
1023 3087 1096 3128 cum
1111 3076 1202 3129 tanta
1217 3067 1290 3129 dili-

234 3163 345 3248 gentia
369 3187 428 3248 per
450 3165 523 3226 iiii⁰²
548 3187 648 3228 annos
674 3165 793 3248 quibus
816 3165 950 3228 vacabat
975 3166 1109 3228 ecclesia
1132 3167 1290 3230 fratribus

235 3265 510 3342 ministraverunt,
525 3275 564 3328 ut
577 3265 704 3328 nullum
719 3265 850 3348 penitus
863 3266 1028 3329 defectum
1049 3289 1108 3330 seu
1121 3269 1290 3352 penuriam

235 3366 270 3429 in
293 3366 344 3430 his
366 3386 440 3450 quae
461 3367 503 3430 ad
515 3366 638 3430 victum
660 3366 805 3450 ipsorum
819 3376 918 3450 atque
935 3367 1087 3430 vestitum
1100 3369 1292 3452 regulariter

235 3479 269 3532 ct
291 3468 601 3533 consuetudinaliter
619 3467 827 3552 pertinebant
847 3491 890 3531 ex
911 3479 1101 3555 contemptu
1117 3471 1169 3534 vel
1190 3471 1292 3556 negli-

234 3571 346 3654 gentia
374 3569 617 3655 procurantium
650 3569 860 3634 sustinerent·
916 3569 1050 3634 Nullam
1079 3573 1213 3637 ecclesia
1241 3573 1292 3638 his

231 3673 349 3736 diebus
372 3672 540 3756 dignitatis
560 3671 760 3734 libertatisve
775 3692 844 3735 suae
859 3673 1016 3737 sustinuit
1031 3675 1292 3755 diminutionem,

236 3775 358 3838 nullam
374 3775 626 3839 adversariorum
640 3774 928 3858 impugnationem,
953 3777 1129 3840 scientibus
1143 3779 1293 3841 omnibus

238 3878 342 3939 virum
356 3876 516 3940 illustrem
531 3876 709 3940 Ricardum
723 3877 762 3939 de
774 3876 857 3940 Luci
868 3877 971 3961 ipsius
984 3900 1052 3941 esse
1066 3889 1293 3962 protectorem,

239 3977 297 4061 qui
318 4000 362 4042 ex
383 4000 507 4041 summa
531 3999 595 4060 qua
615 3987 690 4062 post
713 3978 878 4041 dominum
901 4001 1010 4062 regem
1025 3979 1223 4062 fungebatur
1235 4002 1294 4062 po-

238 4089 367 4157 testate,
392 4079 554 4162 quoslibet
582 4079 617 4141 in
645 4079 749 4163 ipsam
777 4079 943 4162 insurgere
969 4079 1140 4144 molientes
1167 4090 1295 4165 poterat

238 4181 424 4266 reprimere.
470 4179 582 4244 Inerat
604 4202 744 4263 namque
760 4181 790 4242 ei
805 4181 846 4244 ad
860 4181 1063 4266 expedienda
1077 4181 1179 4267 ipsius
1195 4183 1296 4246 eccle-

239 4284 296 4346 siae
319 4282 450 4366 negotia
474 4281 673 4364 emergentia
686 4280 834 4344 voluntas
858 4291 924 4344 tam
949 4293 1087 4367 promta,
1108 4293 1199 4348 tanta
1223 4285 1297 4348 dili-

237 4385 356 4468 gentia,
381 4385 478 4449 utin
503 4383 582 4469 ipsis
607 4382 816 4467 expediendis
839 4406 967 4448 omnem
991 4385 1170 4450 abscideret
1190 4387 1298 4450 dilati-
