3278 5162
533 560 756 614 nosssrsnn
782 561 834 611 nn·
852 560 981 614 annno.
1236 550 1278 614 la

225 710 337 774 eodem
351 710 561 784 dedicationis
585 710 725 774 ecclesiae
751 733 846 788 anno,
864 712 932 795 jam
947 710 981 773 in
996 709 1084 776 illius
1098 709 1161 774 loci
1176 710 1277 774 admi-

223 811 412 874 nistratione
442 821 581 894 quatuor
606 811 673 874 fere
704 810 869 876 fortunate
899 811 1126 876 consummatis
1154 811 1276 889 lustris,

223 913 310 975 idem
333 912 462 975 tandem
486 911 655 976 debilitate
676 912 718 976 ad
741 923 886 976 extrema
913 922 1015 990 actus,
1051 913 1092 977 vi.
1123 913 1278 978 kalendas

225 1011 369 1096 Augusti
383 1013 469 1077 inter
489 1013 720 1098 discipulorum
745 1035 869 1090 manus,
885 1036 966 1098 quos
988 1013 1153 1098 religionis
1168 1016 1277 1080 excel-

224 1113 326 1178 lentia
347 1115 543 1191 instituerat,
559 1116 599 1178 de
622 1115 717 1180 bonis
732 1115 883 1200 centupla
906 1125 1108 1200 recepturus,
1128 1117 1277 1202 spiritum

226 1215 341 1281 Datori
356 1217 505 1282 reddidit.
537 1217 614 1285 Quo
629 1228 747 1284 eventu
761 1217 876 1282 fratres
891 1241 1001 1282 omncs
1012 1219 1082 1284 dira
1096 1219 1276 1284 calamitate

224 1319 340 1395 affecti,
364 1341 438 1384 cum
463 1319 605 1383 maximo
633 1320 756 1403 gemitu
797 1331 831 1384 et
865 1343 1004 1386 moerore
1033 1343 1149 1406 corpus
1177 1321 1278 1406 patris

224 1420 395 1485 venerandi
424 1420 459 1483 in
484 1420 620 1484 ecclesia
647 1421 758 1484 eadem
787 1431 863 1486 ante
893 1421 1086 1486 crucifixum
1107 1421 1275 1505 sepeliere.

225 1520 290 1584 Hic
320 1521 457 1586 aedificia
476 1521 687 1598 officinarum,
710 1531 883 1605 postquam
906 1521 1080 1586 aedificavit
1111 1522 1277 1586 ecclesiam

223 1622 411 1706 praedictam
436 1622 534 1700 Belli,
557 1622 683 1686 vivente
699 1622 803 1686 adhuc
819 1621 990 1705 magnifico
1007 1643 1082 1704 rege
1098 1621 1276 1700 Willehno,

224 1736 259 1788 ct
283 1746 328 1788 ex
351 1747 410 1788 suo
433 1721 632 1788 thesaurario
651 1733 690 1788 ut
705 1732 774 1786 erat
792 1723 1008 1786 necessarium
1023 1721 1276 1801 administrante,

225 1835 388 1908 quotquot
401 1824 578 1888 necessasia
591 1823 746 1888 fratribus
762 1833 853 1888 erant
868 1825 1062 1903 construxit,
1085 1823 1168 1887 nihil
1182 1825 1217 1888 in
1232 1826 1278 1889 eis

225 1926 362 2002 sullime,
378 1936 417 1989 ut
430 1925 529 1989 moris
542 1936 592 1988 est
605 1925 763 2008 plurimis,
779 1926 860 1988 nihil
875 1926 1021 1990 mirabile
1036 1927 1206 2006 fabricans,
1223 1929 1279 1992 sed

225 2026 405 2091 humilibus
419 2036 546 2090 tantum
571 2025 773 2090 consentiens
798 2028 994 2110 sequebatur
1007 2027 1153 2105 humilia,
1169 2029 1279 2092 simul-

227 2149 292 2211 que
321 2127 525 2191 considerans
553 2149 587 2190 se
625 2149 691 2190 non
718 2126 838 2192 habere
866 2127 902 2190 in
931 2128 1053 2192 mundo
1081 2129 1279 2196 mansionem

226 2239 419 2305 manentem,
447 2228 634 2312 inquirebat
653 2227 688 2290 in
703 2227 791 2292 caelis
805 2227 959 2294 futuram.
1006 2229 1115 2296 Quam
1135 2240 1173 2294 ut
1187 2231 1280 2294 miles

228 2329 348 2394 Christi
371 2329 534 2408 emeritus,
550 2341 623 2414 post
652 2329 759 2394 fidelis
783 2331 966 2396 certaminis
992 2331 1088 2416 longa
1110 2333 1278 2412 curricula,

225 2442 436 2517 percepturus
450 2455 470 2495 a
480 2431 619 2510 Christo,
632 2441 671 2496 ut
683 2432 876 2515 praedictum
891 2443 950 2512 est,
962 2433 1113 2517 migravit
1126 2457 1145 2497 a
1159 2435 1278 2499 seculo.

269 2532 506 2598 Monasterium
528 2533 629 2618 igitur
658 2534 698 2598 de
725 2533 819 2598 Bello
848 2535 951 2619 primo
979 2534 1041 2598 hoc
1064 2535 1159 2599 modo
1188 2548 1278 2621 patre

226 2636 384 2714 orbatum,
416 2658 490 2700 cum
524 2636 646 2719 absque
678 2635 804 2700 abbatis
836 2637 912 2721 jure
948 2636 1087 2700 existere
1117 2639 1277 2721 nequiret,

226 2747 419 2801 memoratus
441 2737 500 2801 hac
524 2737 563 2802 de
590 2760 685 2802 causa
706 2760 766 2802 rex
786 2737 982 2814 Willelmus,
997 2737 1105 2821 magni
1125 2739 1278 2823 principis

227 2837 385 2902 Willelmi
406 2839 504 2917 filius,
527 2861 546 2902 a
565 2839 719 2904 fratribus
741 2839 859 2917 aditur,
885 2839 1010 2918 abbatis
1040 2840 1188 2920 decessus
1202 2840 1278 2903 inti-

224 2951 340 3018 matur,
364 2941 530 3006 electionis
553 2941 693 3026 propriae
708 2941 882 3006 auctoritas
895 2941 1059 3021 recitatur,
1086 2939 1191 3003 eidem
1205 2963 1277 3025 pas-

225 3053 327 3106 torem
341 3043 484 3107 ecclesiae
501 3044 600 3128 juxta
613 3065 771 3108 canonum
786 3052 907 3106 statuta
922 3065 966 3121 ex
980 3043 1092 3122 eadem
1106 3065 1277 3126 congrega-

224 3143 312 3208 tione
335 3143 490 3208 substitui
524 3144 645 3210 obnixe
680 3144 914 3228 supplicatum·
937 3143 1084 3228 Cumque
1113 3167 1173 3228 pro
1201 3157 1277 3210 voto

224 3245 313 3327 regia
329 3244 564 3328 suppeditasset
573 3245 749 3328 responsio,
764 3244 967 3308 induciarum
977 3245 1108 3308 interim
1123 3244 1277 3308 dilatione

225 3356 357 3408 eatenus
379 3343 579 3420 obnubilata,
594 3345 693 3428 regiae
719 3343 919 3422 auctoritatis
934 3355 1054 3407 terrore
1069 3345 1277 3430 ecclesiaeque

225 3445 416 3522 reverentia,
459 3444 523 3510 zeli
565 3444 760 3528 conspiratio
800 3444 894 3528 regis.
927 3444 1076 3529 pluribus
1115 3445 1277 3510 intentum

225 3557 361 3632 occupat
389 3546 542 3625 animum,
572 3557 670 3630 atque
699 3569 719 3610 a
748 3545 928 3631 sponsionis
956 3546 1123 3632 proposito
1145 3548 1276 3632 penitus

225 3649 344 3715 avellit.
390 3648 487 3716 Unde
511 3648 677 3735 aliquanto
698 3648 827 3712 evoluto
848 3658 1003 3732 ternpore,
1030 3671 1090 3713 rex
1112 3660 1277 3715 assentan-

224 3751 312 3815 tibus
331 3751 452 3830 favcns,
478 3751 620 3816 ecclesiae
647 3750 768 3814 Christi
784 3749 967 3814 Cantuariae
992 3751 1132 3836 priorem
1156 3751 1276 3816 Henri-

224 3876 298 3918 cum
312 3853 453 3929 nominc,
468 3853 572 3917 virum
587 3853 718 3936 quidem
727 3851 893 3936 religione,
905 3852 1118 3936 benignitate,
1129 3875 1277 3917 mansue-

225 3954 348 4032 tudine,
364 3954 515 4038 omnique
526 3954 714 4018 moralitatis
725 3954 844 4017 virtute
859 3976 896 4017 ac
910 3955 1092 4018 litteratura
1104 3977 1276 4033 summurn,

225 4058 330 4122 eidem
353 4057 547 4120 monasterio
562 4079 606 4120 ex
619 4055 867 4120 reverentissimi
883 4054 1030 4118 Ansehni
1045 4055 1278 4140 archiepiscopi

227 4158 361 4222 consilio
386 4158 537 4222 abbatem
561 4157 729 4240 delegavit.
775 4157 852 4224 Quo
879 4167 998 4220 eventu
1026 4156 1058 4219 vi
1087 4156 1160 4241 plus
1186 4158 1277 4242 justo

224 4261 341 4326 rationi
366 4260 574 4347 praevalente,
601 4259 770 4323 inmodicae
786 4257 976 4322 calamitatis
1001 4258 1107 4324 eidem
1121 4259 1192 4324 loco
1208 4269 1279 4324 orta

228 4373 304 4427 sunt
318 4363 471 4427 fomenta.
