3240 5154
352 552 417 613 130
639 560 811 612 HISTORIA
832 562 1092 619 ruunnuouls.

350 712 462 775 rabilis
477 711 611 775 Ricardi
625 713 665 775 de
680 711 765 775 Luci
779 711 888 774 fratris
902 713 1005 796 ipsius
1018 712 1157 790 abbatis,
1173 714 1233 798 qui
1247 716 1409 778 secundus

351 837 371 877 a
389 837 465 898 rege
488 835 623 876 summae
647 824 725 877 tune
750 815 905 898 temporis
932 814 967 877 in
995 838 1095 899 regno
1117 816 1262 900 justiciae
1288 839 1409 880 nomen

352 916 560 1001 officiumque
575 919 718 981 tenebat.
761 917 844 1001 Egit
862 917 964 1000 igitur
983 918 1083 980 abbas
1102 928 1141 980 ut
1155 918 1275 981 dicitur
1294 919 1330 982 in
1347 920 1409 983 hac

351 1029 444 1103 parte
468 1019 576 1082 minus
605 1019 836 1104 circumspecte
866 1020 944 1082 dum
980 1020 1068 1104 ipsas
1104 1019 1254 1083 ecelesias
1282 1021 1409 1084 clericis

352 1121 510 1184 concessit
531 1122 763 1205 pensionaliter
791 1123 957 1198 tenendas,
978 1122 1147 1206 portiones
1169 1123 1409 1207 comparatione

352 1221 519 1286 fructuum
538 1247 582 1286 ex
596 1224 643 1286 eis
656 1224 809 1288 habunde
823 1225 1085 1308 provenientium
1105 1226 1288 1288 admodicas
1308 1226 1409 1290 susci-

352 1325 455 1409 piens,
471 1349 546 1389 eum
566 1327 674 1390 omnia
693 1327 733 1390 de
753 1327 842 1390 facili
865 1328 893 1390 si
907 1327 1079 1391 institisset
1096 1338 1206 1412 posset
1219 1329 1407 1412 suscepisse.

351 1427 585 1492 Verumtamen
606 1430 684 1493 licet
703 1430 766 1493 hoc
785 1429 981 1493 moderniori
1009 1430 1143 1492 consilio
1168 1429 1302 1494 minime
1328 1453 1408 1494 usus

352 1530 464 1610 fuerit,
489 1532 666 1616 plurimum
691 1543 800 1596 tamen
822 1532 858 1594 in
886 1533 1029 1616 ipsarum
1052 1532 1259 1595 ecclesiarum
1280 1555 1409 1596 revoca·

353 1632 442 1696 tione
471 1644 597 1697 constat
625 1657 701 1698 eum
727 1633 922 1697 monasterio
950 1657 1009 1697 suo
1038 1633 1223 1712 contulisse,
1247 1635 1326 1696 dum
1350 1636 1408 1719 jus

353 1735 506 1800 amissum
521 1747 555 1798 et
568 1755 662 1820 paene
683 1735 891 1799 irrevocabile
906 1735 1044 1799 viriliter
1057 1758 1205 1799 revocare
1220 1735 1359 1812 studuit,
1374 1749 1409 1800 et

349 1836 425 1919 jure
444 1837 610 1914 restituto,
626 1860 700 1900 cum
723 1849 818 1901 autea
834 1839 876 1900 ab
896 1837 1062 1921 aliquibus
1081 1860 1192 1901 earum
1212 1848 1251 1902 ut
1271 1838 1408 1922 praedie·

353 1949 425 2001 tum
440 1949 490 2002 est
503 1962 622 2024 paucos
636 1939 773 2018 fruetus,
788 1941 829 2003 ab
851 1939 1017 2024 aliquibus
1031 1963 1107 2002 vero
1127 1951 1262 2025 propter
1282 1940 1409 2003 bostili-

354 2041 429 2104 tatis
444 2051 589 2126 tempora
608 2042 738 2106 omuino
757 2041 865 2106 nullos
880 2042 1067 2126 susciperet,
1084 2042 1124 2105 de
1139 2042 1237 2105 simul
1258 2043 1409 2105 omnibus

354 2163 451 2227 supra
464 2144 582 2228 viginti
603 2145 682 2207 duas
703 2167 824 2208 marcas
845 2145 971 2228 argenti
990 2144 1125 2228 singulis
1144 2144 1236 2208 annis
1259 2143 1410 2228 pension-

352 2246 448 2310 aliter
461 2247 542 2310 solvi
556 2248 644 2310 fecit.
690 2248 746 2311 Ex
760 2248 811 2310 his
826 2259 935 2310 autem
949 2248 1159 2333 pensionibus
1174 2257 1297 2332 septem
1311 2247 1410 2310 libras

352 2349 393 2410 ad
413 2371 510 2433 opera
531 2350 718 2412 monasterii
737 2349 920 2432 assignavit,
937 2361 1067 2413 eentum
1090 2349 1215 2412 scilieet
1233 2349 1351 2412 solidos
1368 2350 1409 2412 de
1447 2401 1449 2404 .

354 2451 488 2514 ecclesia
503 2453 542 2515 de
553 2452 756 2530 Eillesham,¹
772 2463 806 2516 et
830 2453 1045 2537 quadraginta
1069 2454 1188 2517 solidos
1212 2455 1252 2518 de
1277 2453 1411 2517 ecclesia

353 2552 394 2615 de
419 2552 618 2630 Middebale,
633 2566 793 2640 perpetuo
811 2555 1009 2618 anathemati
1032 2555 1194 2618 subiciens
1214 2578 1335 2632 omnes,
1351 2555 1409 2640 qui

353 2678 406 2718 eas
420 2655 455 2718 in
470 2655 549 2719 alios
558 2679 636 2720 usus
650 2657 871 2735 transferrent,
882 2666 940 2721 aut
951 2657 1062 2740 quavis
1074 2680 1117 2720 ex
1128 2680 1223 2722 causa
1233 2657 1409 2736 auferrent,

353 2768 412 2821 eut
436 2768 475 2822 ut
503 2758 755 2822 transferrentur
777 2759 1022 2822 auferrenturve
1049 2759 1183 2822 consilio
1206 2759 1258 2822 vel
1283 2760 1408 2824 auxilio

354 2870 471 2922 essent.
516 2859 597 2944 Egit
620 2870 729 2923 autem
751 2859 812 2922 hoc
837 2883 880 2922 ex
902 2859 1069 2923 voluntate
1093 2870 1127 2922 et
1152 2883 1310 2924 consensu
1335 2885 1410 2924 eon-

353 2970 470 3024 ventus
485 2961 545 3037 sui,
557 2962 679 3024 bonum
688 2960 765 3024 boni
781 2961 887 3044 operis
896 2961 1132 3025 suecessoribus
1147 2963 1214 3025 suis
1223 2963 1410 3048 relinquens

355 3061 552 3146 exemplum.

191 3187 316 3288 apponas
398 3164 512 3249 Usque
549 3165 591 3228 ad
618 3163 810 3228 venerabilis
845 3164 944 3248 hujus
972 3164 1033 3228 viri
1068 3175 1222 3248 tempora,
1253 3165 1410 3230 medietas

191 3237 340 3338 1111111111ο
354 3267 488 3330 deeimae
504 3267 543 3330 de
559 3265 702 3329 dominio
714 3268 753 3330 de
769 3265 838 3343 Wi,
851 3265 991 3330 bovariis
1006 3266 1105 3329 curiae
1114 3268 1259 3362 ejusdem
1274 3268 1409 3330 manerii

190 3339 314 3480 {iffi
353 3380 423 3433 erat
450 3369 619 3486 assignata,
654 3368 719 3432 fuit
706 3379 785 3452 tque
814 3368 975 3431 hereditas
1002 3367 1137 3431 Domini
1166 3391 1288 3432 merces
1327 3393 1410 3433 mer-

353 3473 482 3534 cenarii.
527 3471 653 3534 Videns
672 3471 771 3533 abbas
792 3470 854 3533 hoc
877 3470 1008 3533 omnino
1028 3492 1094 3532 non
1116 3493 1184 3534 esse
1205 3472 1405 3550 canonicum,

353 3573 503 3637 bubulcis
525 3571 613 3648 alias,
635 3571 697 3634 hoc
720 3582 769 3636 est
791 3573 830 3635 de
849 3582 934 3635 terra
952 3572 1088 3635 dominii
1107 3574 1147 3636 de
1167 3573 1236 3650 Wi,
1256 3574 1408 3658 providit,

353 3674 521 3758 ipsamque
547 3673 753 3734 medietatem
782 3673 914 3736 decimae
943 3673 1022 3758 ipsis
1047 3684 1180 3736 eatenus
1205 3675 1408 3758 assignatam,

328 3833 331 3838 .
354 3773 542 3839 sacristariae
556 3773 743 3837 monasterii
759 3773 809 3838 sui
830 3774 869 3837 de
885 3775 979 3838 Bello
995 3798 1038 3838 ex
1060 3797 1217 3840 consensu
1232 3787 1409 3840 conventus

354 3877 403 3940 sui
419 3877 600 3961 assignavit,
617 3884 761 3938 statuens
776 3885 815 3939 ut
833 3899 875 3940 ex
893 3877 964 3962 ipsa
986 3877 1111 3940 decima
1131 3879 1196 3942 duo
1217 3879 1408 3942 nominatim

354 3979 439 4042 cerei
454 3978 687 4054 invenirentur,
703 3975 738 4039 in
753 3977 849 4040 choro
863 4001 968 4042 eoram
989 3990 1150 4043 conventu
1171 3981 1322 4065 quotiens
1341 3979 1408 4042 illie

353 4103 495 4166 praesens
517 4079 678 4163 indigeret
701 4078 823 4142 1111111111
843 4079 984 4144 lucernae
1010 4082 1123 4146 arsuri.
1171 4082 1295 4145 Statuit
1326 4101 1410 4167 prae·

355 4321 431 4357 ences
448 4313 516 4358 most
534 4303 673 4358 effectual'
666 4322 693 4357 m
711 4303 860 4374 destroying
871 4305 1038 4357 monasterias
1051 4304 1102 4356 and
1118 4303 1266 4384 corrupting
1283 4299 1409 4354 monastic

355 4373 955 4444 (1111111111.ι
976 4374 998 4428 1.
1011 4391 1034 4428 e.
1044 4373 1190 4445 Aylsham
1183 4391 1209 4426 111
1223 4371 1332 4426 Suffolk.
