3278 5162
381 547 430 620 86
696 568 864 620 msroau
888 569 1137 622 runoauoms

380 720 442 784 isse
457 721 588 805 dignata
602 734 653 786 est
669 723 874 802 excellentia,
890 723 1044 808 quatinus
1061 723 1160 788 abbas
1175 723 1214 786 de
1230 721 1325 785 Bello
1339 721 1441 786 frater

371 846 471 888 meus
492 825 556 889 huc
570 827 705 906 veniret,
725 845 765 889 ut
785 826 917 911 querela
937 827 1022 890 inter
1042 827 1138 891 illum
1155 836 1190 888 et
1206 823 1440 889 Cicestrensem

381 925 568 1012 episcopum
583 929 624 992 de
638 929 853 1014 dignitatibus
868 939 902 992 et
922 929 1129 993 libertatibus
1144 927 1352 992 ecclesiarum
1366 949 1440 991 sua-

380 1049 453 1091 rum
468 1029 526 1093 diu
548 1030 670 1112 habita,
689 1055 795 1096 coram
809 1029 900 1096 vobis
914 1033 979 1096 fine
996 1032 1168 1118 potiretur.
1214 1029 1320 1094 Adest
1339 1029 1439 1093 abbas

220 1207 232 1234 c
254 1156 266 1184 e
381 1153 455 1194 cum
464 1133 559 1196 cartis
570 1144 604 1196 et
612 1135 788 1219 privilegiis
800 1135 896 1199 suis.”
925 1134 1018 1198 Tune
1024 1134 1123 1219 jussit
1136 1155 1198 1197 rex
1210 1131 1321 1197 abbati
1336 1141 1439 1196 cartas

221 1243 344 1334 ,23⁸³ss
381 1233 524 1297 ecclesiae
547 1258 614 1300 suae
638 1237 743 1321 palam
761 1237 917 1322 proferre.
962 1236 1062 1321 Legit
1079 1236 1192 1320 itaque
1210 1235 1350 1298 Thomas
1364 1257 1439 1298 ean·

382 1335 530 1400 cellarius
553 1349 673 1402 cartam
696 1339 782 1422 regis
797 1337 957 1402 Willelmi
976 1338 1086 1422 magni
1110 1359 1217 1400 coram
1239 1336 1315 1400 illis.
1361 1335 1439 1402 Qua

381 1437 534 1520 perlecta,
557 1461 617 1503 rex
642 1441 677 1503 in
696 1463 811 1504 manus
832 1440 968 1504 eandem
981 1440 1151 1524 accipiens,
1178 1449 1277 1524 atque
1290 1438 1437 1523 undique

381 1540 650 1626 circumspiciens,
690 1565 806 1626 magno
847 1542 1004 1606 extollere
1045 1542 1197 1626 dignatus
1232 1550 1281 1605 est
1314 1539 1436 1619 favore,

380 1641 574 1706 benedicens
588 1645 705 1707 animae
719 1644 808 1708 illius
822 1645 907 1728 regis
920 1643 1038 1722 incliti,
1055 1643 1112 1726 qui
1134 1644 1254 1707 affectu
1267 1653 1335 1707 tam
1349 1665 1438 1726 mag-

379 1743 476 1807 nifico
500 1745 665 1808 ecclesiam
689 1746 779 1810 illam
804 1768 824 1809 a
851 1769 885 1810 se
911 1756 1128 1810 constructam
1151 1745 1280 1824 dilexit,
1305 1754 1340 1808 et
1365 1767 1437 1808 eam

380 1857 447 1910 tam
461 1848 584 1933 magnis
598 1849 805 1913 libertatibus
820 1859 855 1912 et
868 1849 1082 1933 dignitatibus
1096 1847 1316 1934 praemunivit.
1368 1847 1437 1912 Ite-

378 1971 451 2012 rum
465 1949 547 2034 legit
561 1951 768 2014 cancellarius
780 1951 875 2014 aliam
890 1951 1036 2036 ejusdem
1049 1951 1133 2034 regis
1141 1949 1302 2014 Willelmi
1316 1959 1436 2014 cartam

379 2075 476 2138 super
503 2054 634 2138 negotio
660 2054 785 2118 abbatis
814 2053 956 2139 proprio.
1002 2053 1118 2120 Quam'
1138 2051 1286 2114 similiter
1310 2074 1372 2115 rex
1400 2051 1436 2114 in

377 2175 491 2217 manus
503 2155 663 2240 accipiens
677 2167 775 2240 atque
790 2155 1059 2240 circumspiciens,
1071 2155 1171 2239 jussit
1185 2177 1256 2217 eam
1271 2175 1346 2217 cum
1360 2153 1432 2217 aliis

378 2256 550 2340 diligenter
564 2257 689 2341 reponi,
706 2268 740 2320 et
753 2281 870 2342 magna
884 2257 1055 2342 diligentia
1067 2257 1232 2320 custodiri.
1266 2255 1436 2320 Contesta-

376 2357 474 2421 batur
499 2358 599 2421 etiam
620 2361 708 2443 quod
729 2360 755 2422 si
777 2361 971 2444 quandoque
988 2360 1061 2424 Deo
1075 2359 1252 2444 inspirante
1273 2359 1437 2422 abbatiam

376 2459 540 2537 fundaret,
568 2460 689 2524 nullius
709 2462 773 2524 nisi
789 2462 949 2526 Bellensis
970 2462 1113 2528 ecclesiae
1134 2461 1302 2525 libertates
1317 2470 1352 2524 et
1366 2461 1438 2545 dig·

375 2561 495 2625 nitates
521 2582 589 2626 suae
615 2563 782 2648 praescribi
806 2564 961 2628 ecclesiae.
1015 2563 1167 2628 Aliorum
1189 2563 1288 2627 etiam
1309 2585 1435 2647 regum,

378 2663 539 2728 Willelmi
564 2665 689 2730 seilicet
701 2665 787 2749 regis
798 2665 949 2751 junioris,
975 2676 1009 2729 et
1024 2664 1160 2729 Hernici
1180 2664 1265 2750 regis
1279 2665 1387 2743 cartis,
1403 2674 1437 2729 et

376 2780 465 2833 carta
488 2771 585 2834 simul
610 2794 669 2835 suo
697 2772 885 2835 confirmata
908 2771 1015 2854 sigillo
1039 2771 1205 2855 inspectis,
1223 2771 1324 2856 jussit
1338 2771 1436 2834 simili

374 2873 471 2935 modo
495 2874 620 2958 reponi,
647 2884 681 2938 et
696 2874 845 2958 diligenti
868 2873 1015 2940 custodia
1029 2874 1158 2940 servari.
1199 2873 1298 2938 -Tunc
1313 2873 1437 2938 cancel-

372 2973 475 3037 larius
498 2976 649 3038 abbatem
670 2975 813 3053 intuenS,
838 2981 859 3011 ‘⁶
871 2975 1046 3052 Domine,”
1061 2975 1180 3060 inquit,
1205 2981 1226 3011 “
1239 2976 1349 3054 abbas,
1366 2975 1437 3060 epi-

374 3097 491 3160 scopus
510 3075 718 3141 Cicestrensis
738 3078 874 3156 ratione,
894 3086 933 3141 ut
954 3077 1067 3142 multis
1086 3077 1225 3156 videtur,
1245 3087 1356 3142 contra
1378 3100 1435 3143 vos

374 3178 485 3242 utitur·
503 3179 724 3264 praemaxima,
745 3179 889 3244 obiciens
908 3203 964 3244 vos
978 3180 1013 3243 in
1029 3178 1164 3244 ecclesia
1180 3179 1345 3244 Cicestriae
1359 3203 1435 3266 pro-

375 3280 549 3345 fessionem
575 3283 701 3348 fecisse.
746 3282 909 3350 Quocirca
931 3293 1046 3346 vestrae
1073 3281 1239 3346 dilectioni
1264 3283 1436 3367 providen-

376 3384 454 3446 dum
477 3384 559 3447 est.”
604 3384 716 3448 Abbas
731 3407 806 3448 vero
828 3406 861 3448 se
884 3383 933 3447 nil
948 3394 1059 3448 contra
1082 3383 1274 3468 dignitatem
1290 3394 1323 3448 ct
1336 3383 1435 3448 liber·

376 3494 477 3547 tatem
499 3486 644 3550 ecclesiae
670 3510 739 3550 suae
763 3487 866 3570 egisse
881 3495 1019 3550 testatus
1037 3495 1096 3551 est.
1142 3486 1220 3550 Rex
1234 3497 1346 3550 autem
1360 3509 1435 3549 can·

376 3585 542 3648 cellarium
573 3587 759 3671 respiciens,
784 3593 806 3623 “
822 3588 1015 3666 Professi0,”
1038 3588 1095 3666 ait,
1120 3592 1141 3624 “
1156 3611 1222 3652 non
1251 3598 1301 3652 est
1323 3598 1435 3652 contra

376 3686 550 3770 dignitates
569 3688 787 3752 eeclesiarum.
833 3689 910 3754 Non
933 3689 1020 3753 enim
1044 3691 1101 3773 qui
1125 3689 1359 3776 professionem
1386 3689 1436 3752 sa·

376 3787 476 3866 ciunt,
498 3789 562 3853 nisi
586 3791 674 3875 quod
694 3791 815 3856 debent
834 3792 1062 3877 promittunt.”
1107 3793 1268 3856 Ricardus
1292 3792 1332 3855 de
1350 3790 1434 3856 Luci

215 3908 271 3949 οων
287 3921 332 3951 ua.
374 3889 446 3955 haec
460 3891 605 3971 audiens,
621 3892 741 3957 iterum
756 3893 801 3956 sic
817 3893 927 3978 coepit.
960 3899 981 3929 “
991 3893 1144 3973 Domine,
1160 3895 1318 3959 celsitudo
1329 3905 1436 3958 vestra

375 3992 540 4056 libertates
566 3995 691 4059 audivit
717 4005 751 4060 et
777 3996 950 4080 dignitates
979 4021 998 4060 a
1025 3996 1129 4061 nobili
1157 4020 1233 4081 rege
1263 3995 1434 4059 Willelmo

376 4095 519 4159 ecclesiae
545 4120 612 4162 suae
637 4119 735 4182 quam
762 4098 999 4182 cognominavit
1023 4099 1062 4162 de
1086 4098 1192 4178 Bello,
1217 4121 1256 4162 eo
1283 4097 1434 4182 quodibi

375 4195 467 4260 Deus
482 4198 649 4264 victoriam
664 4200 726 4264 sibi
742 4200 781 4263 de
796 4200 935 4264 inimicis
950 4201 1016 4264 suis
1033 4201 1182 4280 contulit,
1196 4201 1340 4278 traditas,
1353 4223 1435 4284 quas

374 4298 472 4362 etiam
493 4301 626 4365 ecclesia
648 4303 770 4380 eadem,
793 4326 867 4387 quae
888 4315 937 4367 est
963 4304 1085 4389 capella
1109 4314 1226 4383 vestra,
1248 4314 1282 4367 et
1304 4303 1434 4387 signum
1480 4335 1483 4339 ·

373 4400 472 4484 regiae
496 4425 624 4468 coronae
648 4415 763 4468 vestrae
789 4405 955 4490 hucusque
981 4407 1160 4471 inviolabili
1180 4409 1255 4492 jure
1285 4406 1432 4470 servavit.
