3278 5162
555 561 776 614 moussrmul
802 561 851 612 DE
877 561 1001 612 amno.
1261 548 1302 610 95

251 713 292 776 de
303 711 494 776 Cornuuilla
503 713 633 776 nominc
648 711 689 776 ad
702 734 754 776 me
768 711 869 789 misit,
880 710 1034 775 mandans
1049 710 1137 796 quod
1152 708 1204 774 die
1220 719 1306 773 octa·

252 836 365 877 varum
395 815 497 878 sancti
519 812 678 878 Α11111111
693 813 881 878 Lundonias
902 836 1008 877 coram
1035 834 1073 876 eo
1098 811 1252 888 venirem,
1273 821 1307 875 et

256 917 344 1000 quod
367 917 466 980 abbas
492 916 590 982 etiam
618 916 740 981 ibidem
766 915 936 980 convenire
961 917 1104 992 deberet,
1131 925 1230 999 atque
1259 914 1308 978 ibi

257 1019 390 1085 consilio
405 1017 636 1105 archiepiscopi
652 1017 836 1083 Cantuariae
851 1028 886 1082 et
899 1019 1056 1082 baronum
1070 1039 1202 1081 suorum
1222 1016 1310 1101 pacis

256 1121 366 1185 foedus
394 1122 481 1186 inter
508 1145 567 1187 nos
595 1132 741 1207 poneret.
794 1121 860 1186 Dic
889 1121 1066 1186 constituta
1100 1143 1206 1185 coram
1233 1142 1310 1204 rege

257 1224 346 1289 affui.
392 1223 446 1288 Ibi
470 1224 582 1309 itaque
602 1248 662 1289 nec
686 1226 796 1304 abbas,
810 1247 918 1310 neque
934 1225 1105 1310 quisquam
1119 1247 1179 1310 pro
1201 1246 1250 1300 eo,
1272 1232 1311 1286 ut

256 1335 335 1390 tunc
361 1326 509 1390 omnibus
534 1327 653 1411 patuit,
675 1336 788 1392 contra
808 1349 861 1390 me
884 1327 1022 1391 advenit.
1068 1325 1121 1390 Ita
1146 1325 1248 1409 igitur
1270 1325 1312 1388 ad

256 1427 386 1513 propria
413 1451 559 1492 reversus
588 1451 670 1508 sum,
700 1431 817 1494 abbate
843 1429 879 1492 in
906 1429 1068 1492 sententia
1091 1437 1310 1513 permanente.

258 1529 338 1595 Post
350 1531 439 1594 illius
454 1531 530 1596 anni
545 1531 752 1608 curriculum,
771 1531 807 1595 in
822 1531 945 1616 synodo
959 1531 1117 1608 sollemni,
1134 1531 1311 1595 secundum

259 1655 418 1697 canonum
447 1643 580 1712 statuta,
608 1635 703 1698 illum
736 1633 1024 1698 excommunicavi.
1071 1633 1184 1698 Abbas
1224 1654 1312 1708 vero,

259 1734 320 1798 hoc
334 1745 477 1820 accepto,
493 1737 736 1822 archiepiscopo
750 1737 875 1801 retulit.
904 1735 1177 1822 Archiepiscopus
1191 1746 1312 1811 autem,

260 1820 362 1922 ipsius
386 1839 512 1902 abbatis
535 1839 697 1924 precibus,
718 1839 836 1903 litteris
860 1838 928 1903 suis
950 1839 1031 1902 mihi
1045 1839 1219 1917 mandavit,
1236 1861 1315 1922 qua·

261 1941 350 2006 tinus
364 1943 558 2006 sententiam
571 1941 762 2020 relaxarem,
773 1943 874 2006 donec
887 1943 922 2006 in
935 1965 1038 2006 unum
1052 1943 1313 2019 conveniremus;

261 2043 331 2129 ipse
356 2044 443 2108 enim
467 2044 554 2108 inter
575 2067 634 2108 nos
649 2045 757 2108 omnia
770 2045 853 2108 bene
868 2045 1062 2130 disponeret.
1107 2043 1172 2109 Pro
1194 2044 1315 2108 honore

263 2145 386 2210 domini
415 2146 657 2232 archiepiscopi,
688 2147 881 2210 sententiam
917 2148 958 2211 ad
986 2158 1114 2232 tempus
1142 2145 1316 2211 relaxavi?

265 2247 357 2312 Tunc
381 2249 545 2314 Henricus
568 2251 608 2314 de
634 2248 791 2316 Essexia:
817 2251 941 2334 “Rege
964 2249 1129 2335 Stephano
1152 2251 1315 2328 defuncto,
1329 2265 1429 2358 agundp
1415 2267 1470 2305 ner

263 2350 290 2414 si
315 2351 377 2420 hoc
391 2351 520 2416 veritati
545 2352 708 2431 innititur,
732 2375 788 2417 vos
813 2352 848 2417 id
862 2352 976 2416 fecisse
991 2363 1139 2417 constans
1164 2317 1454 2460 111111ῗέ11

261 2453 390 2520 vivente
417 2477 584 2540 nunquam
603 2478 686 2520 ausu
705 2455 875 2520 temerario
893 2478 949 2519 vos
969 2457 1124 2540 probatur
1147 2455 1208 2519 hcc
1233 2478 1318 2540 prae-

264 2557 425 2621 sumsisse.
471 2556 548 2621 Non
562 2557 650 2622 enim
672 2557 844 2676 expediret
857 2557 959 2622 vobis.
1005 2558 1097 2625 Quid
1110 2581 1196 2621 nunc
1215 2556 1318 2621 domi-

265 2679 327 2722 nus
340 2669 449 2723 noster
463 2659 607 2724 factmus
622 2659 676 2739 sit,
692 2681 750 2724 suo
761 2660 831 2746 juri
845 2669 879 2722 et
892 2660 1046 2744 potestati
1061 2657 1307 2724 committitur?

310 2759 363 2825 Ita
383 2762 553 2849 episcopus
572 2763 764 2829 subintulit·
788 2767 811 2798 ‘⁶
824 2763 917 2828 Tunc
943 2785 994 2828 res
1016 2763 1101 2828 inter
1125 2785 1184 2828 nos
1206 2762 1355 2836 habitaB
1350 2774 1417 2814 utthe

266 2872 411 2942 estnec
439 2865 551 2950 aliquo
572 2876 718 2952 tempore
741 2866 841 2930 abbas
863 2867 904 2930 ad
928 2866 1180 2930 satisfactionem
1194 2866 1408 2930 venissemus·
1349 2825 1458 2914 ”him
1458 2845 1466 2852 '

266 2969 503 3052 comprobatur.
533 2969 711 3054 Postquam
726 2968 887 3034 Dominus
900 2977 1010 3034 noster
1024 2969 1143 3034 Jhesus
1158 2968 1318 3044 Christus,

267 3069 395 3134 domine
409 3093 480 3147 rex,
495 3093 552 3136 vos
565 3071 601 3134 in
615 3094 707 3155 regm
697 3071 819 3156 hujus
835 3071 915 3136 solio
930 3070 1108 3148 collocavit,
1134 3063 1222 3156 quod
1240 3071 1321 3135 mihi

269 3193 338 3256 prae
363 3171 513 3235 omnibus
537 3173 756 3256 gratissimum
784 3172 854 3236 fore
878 3183 1015 3252 constat,
1039 3174 1137 3237 abbas
1159 3195 1219 3237 nec
1239 3173 1321 3235 mihi

267 3282 307 3336 ut
321 3295 380 3336 suo
395 3273 547 3358 episcopo
561 3295 636 3358 quae
652 3274 790 3338 debebat
804 3273 967 3350 exhibuit,
989 3297 1049 3338 nec
1068 3289 1150 3338 meae
1166 3274 1320 3352 ecclesiae,
1390 3270 1393 3275 ’

271 3373 437 3439 Cicestriae
458 3375 592 3454 scilicet,
615 3376 714 3440 immo
729 3376 827 3440 ctiam
841 3398 893 3439 me
907 3375 1177 3459 ubique'vit'ando
1192 3397 1322 3460 sperne·

269 3479 327 3541 bat
346 3487 445 3562 atque
468 3478 574 3543 verbis
596 3477 790 3564 turpissimis
814 3477 937 3564 ubique
959 3500 1019 3562 pro
1041 3500 1134 3563 posse
1157 3499 1216 3542 suo
1232 3477 1323 3542 diffa-

270 3583 388 3647 mabat.
433 3579 566 3646 Accidit
590 3590 700 3646 autem
730 3580 819 3666 quod
846 3579 933 3644 idem
962 3589 1064 3644 cartas
1088 3581 1231 3644 ecclesiae
1255 3601 1323 3644 suae

270 3683 306 3746 in
332 3683 431 3768 sigilli
453 3683 551 3749 vestri
574 3684 782 3748 renovatione
808 3683 989 3748 confirmari
1005 3685 1199 3770 disponeret.
1246 3683 1324 3748 Per-

271 3785 361 3849 venit
385 3787 497 3870 itaque
521 3787 561 3850 ad
583 3806 678 3850 aures
703 3808 790 3850 meas
813 3786 848 3849 in
874 3787 1021 3870 ejusdem
1038 3787 1134 3850 cartis
1149 3795 1326 3850 11111111-

262 3887 378 3951 'clesiae
393 3910 474 3951 meae
490 3888 652 3954 Cicestriae
667 3887 839 3972 dignitates
854 3898 888 3951 et
902 3887 1000 3951 etiam
1015 3898 1126 3951 contra
1141 3887 1325 3950 Cantuariae

274 3989 428 4066 ecclcsiae,
443 3990 555 4053 matris
573 3989 724 4054 videlicet
747 3991 849 4053 totius
864 3989 1007 4072 Angliae,
1031 3989 1142 4072 aliqua
1156 3989 1325 4054 contineri.

276 4091 376 4160 Quod
390 4090 641 4176 archiepiscopo,
666 4091 751 4155 sicut
764 4091 814 4153 illi
829 4090 882 4154 cui
897 4113 1007 4154 omnes
1021 4113 1080 4156 nos
1094 4090 1326 4176 professionem

275 4195 390 4259 fecisse
413 4191 497 4258 nulli
512 4193 649 4258 dubium
663 4204 723 4271 est,
749 4201 784 4256 et
798 4192 852 4256 cui
867 4192 965 4256 etiam
980 4202 1014 4256 et
1029 4193 1172 4258 ecclesie
1189 4192 1328 4259 0111111-

720 4394 727 4426 ⁸
745 4390 814 4445 Nov.
826 4395 867 4450 23.
