3278 5162
319 548 360 620 76
616 567 786 618 1110101111
813 565 1061 618 ruvnanovrs

154 739 267 792 nerag
318 728 378 782 est.
425 717 537 782 Tertia
551 716 603 780 die
618 727 693 801 post
705 740 817 802 pacem
831 718 960 794 factam,
976 715 1071 779 affuit
1086 724 1120 778 et
1133 714 1242 778 abbas.
1288 713 1374 777 Con-

153 791 295 881 {ilfioe'l'ii‘
319 819 392 883 silio
406 819 508 903 igitur
522 819 631 882 fratris
656 819 707 882 sui
722 819 857 883 Ricardi
872 819 912 882 de
927 817 1022 894 Luci,
1039 826 1073 881 et
1095 816 1233 880 aliorum
1255 816 1374 878 amico-

154 891 281 942 ‘hubb‘y'
318 944 392 984 rum
406 943 549 998 suorum,
565 920 664 983 abbas
678 943 788 1004 regem
801 919 1028 983 incrastinum
1048 918 1139 994 adiit,
1155 928 1254 1001 atque
1277 938 1375 1002 super

319 1032 405 1086 carta
435 1044 493 1084 sua
515 1021 610 1086 illum
629 1021 853 1107 interpellatus
877 1031 936 1085 est.
982 1020 1060 1084 Rex
1083 1042 1158 1082 eum
1180 1019 1375 1104 quibusdam

319 1123 436 1190 secreti
452 1123 503 1186 sui
518 1123 653 1186 consciis
668 1123 804 1186 consilio
827 1121 1073 1198 communicato,
1090 1120 1163 1184 Deo
1185 1120 1324 1197 favente,
1340 1129 1375 1182 et

318 1225 415 1288 beato
431 1224 576 1289 Martino
591 1224 712 1288 Christi
728 1225 908 1289 confessore
924 1224 983 1309 qui
995 1245 1164 1308 nunquam
1186 1221 1222 1284 in
1245 1244 1278 1284 se
1302 1243 1373 1305 spe-

318 1337 426 1389 rantes
455 1325 574 1389 deserit
602 1327 793 1404 auxiliante,
824 1325 1091 1411 coadjuvantibus
1126 1324 1225 1387 etiam
1253 1321 1373 1385 terreni

318 1427 444 1490 consilii
466 1427 620 1510 patronis,
645 1428 764 1492 comite
780 1428 903 1491 scilicet
919 1426 1095 1490 Cornubiae
1111 1424 1316 1510 Baginaldo,¹
1340 1433 1374 1486 et

319 1527 461 1594 Ricardo
471 1528 510 1590 de
524 1527 657 1591 Humez
672 1529 756 1613 regis
771 1529 915 1606 tribuno,
932 1529 1078 1614 quicum
1087 1527 1229 1591 Ricardo
1240 1526 1280 1589 de
1290 1524 1374 1588 Luci

320 1639 354 1692 et
368 1630 484 1692 abbate
500 1626 649 1691 Waltero
664 1629 815 1694 amicitiae
841 1629 966 1692 foedere
990 1628 1155 1714 conjuncti
1175 1637 1276 1705 erant,
1300 1625 1373 1688 red-

320 1729 404 1793 didit
418 1753 478 1793 rex
493 1739 612 1792 cartam
625 1730 814 1814 praedictam
836 1731 958 1808 abbati,
974 1740 1008 1794 et
1029 1753 1088 1815 per
1111 1730 1205 1793 illum
1228 1727 1373 1791 ecclesiae

320 1831 360 1893 de
387 1830 491 1909 Bello,
519 1850 594 1914 quaa
621 1841 671 1894 est
696 1832 825 1915 signum
850 1854 978 1895 coronae
1003 1831 1103 1915 regiae
1129 1831 1271 1916 Angliae,
1301 1853 1372 1893 eam

321 1931 421 2008 misit,
437 1931 626 1997 laetantibus
641 1933 827 2016 hominibus
853 1935 980 1998 abbatis
1007 1945 1041 1998 et
1056 1935 1199 1998 ecclesiae
1222 1935 1261 1997 de
1278 1933 1373 1998 Bello

320 2033 442 2111 amicis,
469 2035 679 2118 inmensoque
705 2035 824 2119 gaudio
853 2036 1119 2122 tripudiantibus,
1135 2037 1274 2100 inimicis
1297 2059 1372 2099 vero

321 2157 433 2198 eorum
447 2136 593 2220 undique
608 2137 748 2222 perfusis
762 2161 900 2202 moerore
924 2149 958 2202 et
981 2139 1132 2202 confusis.
1177 2137 1372 2203 Valedicens

320 2236 422 2319 igitur
436 2237 505 2320 regi
520 2238 618 2300 abbas
634 2247 668 2300 et
682 2239 800 2321 gratias
824 2262 931 2322 agens,
947 2263 966 2302 a
991 2239 1080 2303 curia
1105 2262 1180 2303 cum
1205 2248 1293 2303 carta
1316 2260 1374 2301 sua

320 2338 462 2415 recessit,
473 2348 508 2400 et
517 2339 618 2422 juxta
632 2349 754 2402 statuta
763 2341 888 2403 dierum
903 2341 1020 2404 itinera
1034 2342 1075 2405 ad
1084 2341 1214 2405 Bellum
1228 2362 1373 2404 reversus

321 2449 380 2506 est.
426 2438 546 2523 Ibique
561 2452 647 2506 carta
662 2464 768 2506 coram
782 2443 938 2507 fratribus
964 2445 1110 2529 ejusdem
1134 2443 1278 2507 ecclesiae
1300 2463 1373 2526 per-

320 2539 416 2617 lecta,
432 2543 586 2626 exposuit
601 2543 647 2608 eis
662 2543 769 2607 omnia
784 2567 858 2627 quae
884 2545 947 2609 sibi
970 2546 1182 2630 contigerant,
1203 2543 1374 2628 gaudenti-

320 2641 382 2706 bus
408 2645 558 2708 omnibus
581 2654 616 2708 et
639 2643 749 2710 Deum
771 2646 914 2709 maximo
939 2647 1042 2710 cordis
1061 2647 1181 2711 affectu
1195 2668 1291 2729 super
1312 2644 1373 2709 1100

320 2741 585 2826 glorificantibus.

172 2861 204 2938 og
218 2847 256 2938 min
366 2842 406 2906 In
422 2848 571 2930 sequenti
586 2848 765 2912 nativitatis
780 2847 915 2912 Domini
929 2849 1014 2912 festo
1029 2849 1138 2914 tenuit
1156 2849 1243 2913 idem
1265 2849 1373 2914 excel-

182 2961 195 2990 0
282 2975 288 2987 ·
322 2943 519 3010 lentissimus
533 2971 592 3012 rex
608 2949 781 3012 concilium
800 2972 895 3013 suum
919 2951 1008 3035 apud
1021 2951 1374 3030 Westmonasterium,²

323 3057 357 3112 et
382 3049 546 3133 dispositis
572 3051 722 3114 omnibus
747 3051 824 3128 suis,
850 3062 984 3137 propter
999 3053 1149 3136 quaedam
1161 3053 1292 3137 negotia
1317 3076 1375 3116 sua

322 3151 574 3235 transnavigavit
588 3151 624 3214 in
639 3151 883 3216 Normanniam.

160 3279 183 3308 1.
194 3279 217 3309 ι).
280 3295 285 3308 .
367 3248 407 3313 In
421 3251 479 3316 illo
494 3253 672 3337 eodemque
688 3276 783 3332 anno,
799 3254 851 3316 die
867 3254 1088 3318 decollationis
1103 3256 1205 3319 sancti
1219 3256 1375 3322 Johannis

159 3321 298 3409 1111191111-
325 3351 494 3437 Baptistae,
519 3378 579 3440 pro
607 3355 801 3439 quibusdam
822 3356 926 3419 causis
953 3367 987 3419 et
1011 3357 1151 3441 negotiis
1177 3359 1320 3422 ecclesiae
1336 3360 1375 3423 de

160 3419 300 3518 mim
326 3453 419 3518 Bello
434 3457 654 3520 transfretavit
668 3459 766 3522 abbas
789 3481 886 3536 mare,
902 3459 1027 3542 ivitque
1050 3459 1092 3522 ad
1114 3481 1234 3543 regem.
1280 3459 1375 3525 Inve-

161 3518 257 3559 Saumur.
349 3555 356 3568 ,

323 3577 480 3638 mensque
514 3557 608 3619 illum
633 3559 720 3641 apud
756 3558 951 3636 Selmurum‚
990 3560 1185 3644 locutusque
1215 3584 1289 3625 cum
1324 3585 1374 3640 eo,

324 3655 457 3728 consilio
471 3657 592 3739 reginae
608 3658 738 3741 Angliae
754 3670 788 3722 et
802 3660 935 3725 Ricardi
951 3663 990 3726 de
1006 3662 1089 3726 Luci
1112 3663 1220 3726 fratris
1239 3663 1300 3742 sui,
1318 3664 1375 3747 qui

324 3777 398 3818 cum
421 3778 496 3838 rege
520 3757 567 3820 ibi
591 3759 734 3837 aderant,
761 3763 911 3826 omnibus
934 3786 994 3847 pro
1024 3775 1099 3828 voto
1120 3766 1183 3828 rite
1212 3765 1373 3849 perfectis,

323 3879 469 3928 reversus
484 3868 533 3922 est
559 3858 594 3921 in
609 3857 773 3942 Angliam.
820 3861 905 3925 Hoc*
920 3863 1069 3927 nonnulli
1084 3888 1127 3928 ex
1152 3866 1376 3930 ecclesiasticis

324 3958 468 4042 personis
481 3957 611 4043 Angliae
626 3960 709 4023 male
722 3973 926 4046 acceperunt,
939 3975 1091 4049 putantes
1103 3967 1211 4051 ipsum
1225 3969 1376 4032 abbatem

324 4061 486 4140 insidiose,
503 4084 568 4146 quo
584 4084 638 4125 eos
651 4085 768 4126 exosos
783 4063 912 4143 faceret,
930 4087 1027 4149 opera
1042 4090 1154 4132 eorum
1168 4068 1295 4132 fallacia
1308 4070 1377 4154 regi

324 4161 539 4227 annuntiasse.
584 4162 709 4228 Verum
723 4165 784 4228 hoc
798 4168 1006 4251 postmodum
1019 4170 1128 4254 patuit
1143 4171 1293 4235 omnibus
1308 4194 1376 4236 esse

359 4285 367 4316 ι
387 4284 500 4340 Natural
512 4304 559 4341 son
571 4287 601 4343 of
614 4288 705 4360 Henry
718 4289 740 4344 Ι.
881 4290 923 4412 T}
941 4291 1149 4416 “tcireglfestum
1164 4293 1191 4348 s,
1201 4293 1340 4350 Michaelis
1350 4295 1377 4362 3„

904 4378 957 4414 uve
971 4403 977 4416 .
989 4379 1016 4432 p.
1062 4402 1068 4415 .
