3278 5162
548 537 771 592 nouasrann
798 538 846 588 nn
867 537 995 590 Burro.
1250 519 1291 591 73

236 691 344 759 dicens
364 711 475 773 regem
499 689 568 772 pati
591 712 657 752 non
687 689 804 753 debere
830 687 1092 752 cantuariensem
1113 685 1292 765 ecclesiam,

237 801 373 854 matrem
396 790 549 854 videlicet
572 790 674 854 totius
697 790 837 872 Angliae,
865 800 899 854 et
920 812 979 874 per
1004 811 1102 874 quam
1125 787 1213 851 idem
1233 811 1294 852 rex

238 892 418 968 diademate
432 891 605 976 insignitus
619 891 745 969 fuisset,
761 913 892 968 necnon¹
902 900 936 953 et
946 889 1179 956 cicestrensem
1193 889 1295 954 eccle·

239 993 320 1055 siam
345 993 491 1078 ejusdem
515 992 666 1056 videlicet
689 993 932 1076 suffraganeam,
947 991 1116 1056 libertates
1137 1001 1169 1054 et
1190 991 1296 1074 digni-

241 1103 325 1161 tates
350 1095 391 1158 ab
417 1094 560 1178 antiquis
594 1093 796 1178 temporibus
821 1115 981 1178 possessas
1006 1116 1066 1178 pro
1096 1093 1229 1157 ecclesia
1253 1093 1297 1179 ‚de

242 1194 336 1257 Bello
362 1217 428 1259 non
443 1205 543 1260 tantae
569 1195 770 1260 auctoritatis
786 1206 820 1259 et
835 1195 1001 1278 dignitatis
1016 1195 1185 1260 annullari.
1231 1193 1297 1258 Ac-

241 1307 370 1382 ceperat
384 1318 523 1381 namque
535 1296 686 1360 abbatem
700 1296 792 1360 illius
804 1295 868 1359 loci
884 1306 985 1361 cartas
997 1306 1110 1362 contra
1124 1297 1298 1380 dignitates

241 1407 275 1460 et
298 1397 465 1462 libertates
489 1399 694 1462 ecclesiarum
709 1398 936 1484 praedictarum
950 1398 1140 1482 possedisse.
1192 1397 1299 1479 Flagi-

242 1508 311 1562 tare
335 1497 447 1583 itaque
471 1510 510 1562 ut
533 1500 604 1581 haec
629 1500 731 1583 regali
756 1499 885 1562 omnino
901 1498 1082 1561 annullaret
1096 1498 1299 1576 auctoritate,

242 1610 300 1663 aut
319 1610 406 1662 carta
429 1600 555 1663 abbatis
577 1601 668 1685 regio
684 1610 806 1664 careret
827 1599 944 1684 sigssln,
969 1601 1070 1663 donec
1086 1621 1144 1662 suo
1159 1609 1302 1662 correcta

246 1701 379 1764 consilio
404 1701 538 1764 ecclesia
553 1701 736 1766 Cantuariae
757 1723 884 1764 necnon
899 1710 933 1764 et
949 1699 1115 1764 cicestriae
1136 1703 1191 1786 jus
1207 1723 1302 1767 suum

246 1825 311 1866 uon
335 1803 476 1866 amisisse
500 1805 688 1887 gauderent.
734 1803 811 1870 Rex
826 1803 928 1888 igitur
943 1803 1025 1867 tanti
1039 1803 1110 1882 viri,
1122 1813 1237 1888 utpote
1252 1803 1302 1866 sui

247 1904 348 1988 patris
368 1904 555 1988 spiritualis
583 1913 659 1968 eta
684 1928 750 1990 quo
777 1905 956 1968 diademate
983 1905 1083 1989 regali
1105 1906 1193 1969 haud
1206 1905 1302 1989 longe

248 2016 322 2070 ante
337 2005 446 2068 fuerat
459 2005 643 2089 insignitus,
659 2029 804 2071 annuens
818 2006 988 2085 voluntati,
999 2007 1187 2070 cancellario
1202 2007 1304 2070 accito

248 2108 337 2190 regio
351 2107 520 2193 prohibuit
535 2119 653 2172 cartam
678 2109 803 2172 abbatis
819 2110 858 2172 de
872 2108 967 2176 Bello
990 2109 1090 2193 regali
1104 2108 1210 2192 sigillo
1230 2130 1305 2172 con-

249 2209 379 2274 firmari.
426 2208 518 2275 Quid
546 2209 671 2273 multa?
715 2209 780 2275 Per
807 2209 897 2294 vulgi
926 2232 982 2272 ora
1011 2209 1153 2296 dispersa
1181 2210 1306 2273 abbatis

250 2311 382 2374 auribus
404 2310 474 2374 haec
498 2334 634 2396 propere
648 2311 734 2374 fama
747 2311 870 2376 intulit.
916 2311 1089 2375 Redeunte
1109 2311 1220 2396 itaque
1234 2311 1306 2376 luce

250 2412 348 2476 abbas
363 2411 485 2475 curiam
507 2413 598 2490 adiit,
620 2413 676 2476 sed
695 2435 771 2497 rege
786 2422 938 2477 venatum
953 2422 1050 2476 eunte
1065 2413 1113 2475 nil
1128 2413 1180 2476 die
1196 2414 1308 2476 eadem

250 2513 432 2599 proficiens,
448 2514 489 2576 ad
502 2513 681 2598 hospitium
696 2534 947 2592 suum-reversus
961 2524 1019 2578 est.
1066 2513 1224 2597 Sequenti
1235 2515 1307 2578 luce

252 2639 375 2680 summo
390 2638 483 2678 mane
498 2617 596 2679 abbas
610 2615 728 2679 iterum
739 2616 1063 2679 Westmonasterium
1077 2616 1184 2700 petiit,
1197 2617 1309 2700 ibique

254 2741 359 2785 coram
382 2718 482 2780 altare
507 2740 571 2801 quo
594 2740 654 2780 rex
677 2717 805 2780 missam
831 2727 900 2780 erat
926 2717 1094 2781 auditurus
1114 2717 1309 2802 opperiens,1

253 2819 365 2882 multis
390 2828 498 2882 mente
523 2819 627 2882 modis
652 2819 810 2897 volvebat,
838 2819 918 2903 quid
932 2819 1101 2904 superbae
1115 2842 1150 2882 re
1166 2819 1310 2884 facturus
1421 2867 1423 2872 ,

257 2931 351 2985 esset.
398 2919 603 2984 Adveniente
627 2943 702 3004 rege
728 2931 766 2984 ut
788 2921 917 2984 missam
940 2921 1077 2999 audiret,
1107 2931 1181 3006 post
1202 2922 1308 2986 missae

254 3022 425 3086 introitum
461 3022 558 3086 abbas
592 3045 702 3107 regem
731 3024 933 3101 conveniens„
959 3027 980 3084 ‘.‘
996 3022 1167 3101 Domine‚’'
1190 3024 1309 3108 inquit,

257 3129 400 3187 “vestra
436 3135 635 3208 praeceperat
658 3125 853 3188 excellentia
879 3135 997 3188 cartam
1023 3125 1165 3189 ccclesiae
1191 3137 1310 3188 nostrae

257 3225 362 3309 sigillo
377 3225 557 3288 confirmari
580 3225 680 3308 regio,
705 3227 762 3288 sed
784 3248 849 3309 qua
873 3226 912 3288 de
930 3248 1024 3288 causa
1045 3227 1206 3310 repulsam
1220 3249 1313 3310 passa

258 3328 301 3398 sit
327 3327 450 3409 ignoro,
506 3325 626 3389 Jubeat
655 3325 756 3411 igitur
782 3327 953 3389 clementia
980 3337 1086 3389 vestra
1113 3336 1151 3390 ut
1180 3327 1312 3390 verbum

257 3428 384 3512 regium
408 3427 477 3490 fixo
501 3436 565 3490 stet
588 3427 701 3510 gradu,
728 3450 787 3490 nec
814 3450 872 3512 pro
896 3429 1086 3512 cujusquam
1106 3426 1226 3490 invidia
1241 3449 1312 3510 pes-

259 3529 399 3592 sumdari
428 3526 605 3590 videatur.”
650 3525 767 3589 Accito
797 3527 907 3610 itaque
938 3528 1126 3592 cancellario
1155 3528 1313 3613 praecepit

258 3654 318 3694 rex
342 3641 380 3693 ut
395 3639 481 3692 carta
505 3626 631 3691 abbatis
654 3627 752 3712 sigilli
773 3629 824 3692 sui
838 3629 1079 3693 confirmaretur
1093 3629 1312 3714 impressione.

260 3731 409 3794 Necdum
438 3731 536 3794 verba
560 3729 784 3813 compleverat,
810 3741 843 3793 et
872 3751 944 3794 ecce
971 3731 1139 3815 episcopus
1161 3731 1314 3795 festinato

261 3832 373 3914 gradu,
398 3831 480 3894 illud
502 3842 540 3893 ut
564 3841 632 3894 erat
661 3841 770 3894 mente
797 3831 976 3916 suspicatus
1002 3855 1179 3910 accurrens,
1206 3855 1316 3916 regem

259 3931 316 3994 tali
340 3931 456 3993 affatur
471 3930 654 4014 colloquio:
679 3930 852 3994 “Domine
877 3932 933 4010 mi,
948 3932 1129 3994 meminisse
1145 3933 1238 3994 decet
1253 3931 1317 3994 cle-

261 4031 415 4095 mentiam
426 4041 564 4094 vestram
578 4032 664 4094 unde
680 4031 915 4095 nudiustertius
932 4031 1124 4096 venerabilis
1135 4031 1317 4096 Cantuariae

264 4133 521 4218 archiepiscopus
546 4142 579 4194 et
601 4155 660 4216 ego
676 4132 909 4215 querimoniam
932 4155 1038 4196 coram
1052 4132 1143 4196 vobis
1167 4132 1318 4216 deposui÷

263 4259 345 4315 mus
362 4237 400 4299 de
416 4235 532 4298 abbate
547 4232 670 4296 scilicet
685 4234 724 4296 de
741 4233 834 4295 Bello
854 4233 911 4317 qui
926 4246 1037 4300 contra
1057 4233 1230 4317 dignitates
1244 4257 1318 4300 nos-

383 4369 390 4399 ¹
411 4367 466 4421 The
480 4365 573 4444 King's
583 4364 652 4435 daily
664 4366 783 4436 practicej
796 4365 932 4437 according
941 4378 968 4419 to
981 4365 1057 4421 Peter
1073 4366 1103 4420 of
1119 4365 1200 4421 Blois.
