3278 5162
556 565 778 618 uoussrmu
801 565 850 616 ua
872 565 997 616 annuo.
1261 545 1302 616 79

247 718 356 794 abbas,
378 739 444 801 quo
459 715 572 780 ordine
588 716 738 781 dominus
752 739 838 802 papa
850 739 907 780 vos
927 717 1075 781 hortatur
1097 725 1137 779 ut
1158 714 1302 800 praelatis

247 820 363 886 vestris
371 817 589 884 obedientiam
600 818 806 895 exibeatis,et
813 841 910 902 quam
918 818 1059 882 maxime
1069 817 1146 880 huic
1157 817 1301 880 ecclesiae

250 920 428 998 Cicestriae,
445 930 480 984 et
494 929 552 984 tuo
568 921 719 1006 episcopo
735 921 874 986 Hilario.
920 921 1043 986 Notare
1057 943 1197 1005 namque
1209 922 1302 984 decet

248 1023 456 1109 prudentiam
470 1034 618 1102 vestram,
635 1046 701 1109 qua
715 1026 755 1089 de
771 1046 866 1087 eausa
880 1024 1030 1088 dominus
1044 1045 1129 1109 papa
1143 1033 1201 1087 tuo
1216 1023 1302 1106 epis·

249 1147 331 1209 copo
346 1123 550 1208 interposuit.
596 1121 627 1186 A
642 1123 861 1187 fundamentis
876 1124 988 1208 itaque
1003 1123 1136 1188 ecclesia
1151 1123 1190 1188 de
1207 1122 1301 1186 Bello

250 1235 444 1302 constructa,
468 1223 592 1308 primus
616 1225 721 1288 eidem
746 1226 845 1289 abbas
870 1225 1003 1304 electus
1025 1227 1117 1312 jussa
1142 1246 1301 1289 canonmn

249 1336 379 1390 secutus
395 1336 454 1403 est,
469 1334 568 1409 atque
582 1325 618 1390 in
632 1326 692 1390 hac
714 1335 824 1392 saneta
848 1326 982 1391 ecclesia
1004 1349 1079 1390 cum
1100 1325 1300 1412 professione

248 1427 507 1493 benedictionem
537 1451 628 1492 suam
663 1428 814 1493 canonice
838 1439 1031 1492 consecutus
1057 1439 1117 1492 est.
1171 1428 1301 1491 Deinde

248 1551 358 1592 omnes
373 1531 443 1614 ejus
458 1530 631 1594 substituti
646 1552 786 1614 quorum
799 1530 931 1593 nomina
944 1529 1033 1593 haud
1055 1530 1091 1593 in
1114 1529 1300 1593 memoriam

245 1631 413 1709 habemus,
435 1654 510 1696 cum
527 1631 648 1715 quibus
662 1654 719 1695 vos
738 1632 838 1696 etiam
852 1630 1002 1694 Waltere
1026 1653 1124 1715 quem
1145 1629 1198 1694 hic
1221 1630 1301 1693 resi·

248 1733 323 1796 dere
350 1741 385 1795 et
408 1733 626 1797 moderamina
651 1733 741 1796 illius
763 1731 906 1796 eoelesiae
939 1742 1050 1796 tenere
1076 1733 1299 1818 perspicimus,

248 1834 337 1898 idem
359 1834 473 1897 fecisse
497 1834 580 1900 nulli
604 1835 740 1899 dubium
767 1843 826 1898 cst.
873 1833 962 1901 Quia
975 1858 1051 1899 vero
1076 1836 1113 1899 in
1135 1836 1301 1921 aliquibus

247 1935 421 2022 prudentia
434 1946 539 2000 vestra
552 1961 572 2001 a
585 1936 638 1999 via
663 1936 859 2001 obedientiae
884 1936 960 2000 huie
982 1937 1129 2000 ecclesiae
1146 1937 1300 2022 professae

247 2036 431 2116 declinavit,
446 2037 591 2122 postulat
604 2037 675 2102 haec
698 2045 808 2100 sancta
825 2037 970 2114 ecclesia,
986 2047 1021 2100 et
1044 2060 1103 2102 nos
1118 2039 1176 2122 qui
1198 2039 1298 2124 hujus

248 2147 368 2202 sanctae
383 2139 526 2204 eeclesiae
537 2139 599 2202 filii
613 2161 734 2216 sumus,
751 2139 904 2223 quatinus
918 2161 974 2202 vos
993 2148 1033 2202 ut
1055 2140 1143 2203 filius
1166 2150 1302 2204 matrem

248 2250 388 2304 vestram
401 2240 484 2304 hanc
498 2241 620 2305 scilieet
635 2240 801 2304 ecclesiam
821 2241 861 2304 de
876 2239 969 2303 vobis
990 2241 1184 2319 certificetis,
1208 2251 1247 2306 ut
1266 2243 1302 2306 in

248 2341 408 2420 omnibus
425 2344 510 2406 sicut
524 2341 713 2406 canonicum
736 2353 796 2420 est,
812 2341 917 2405 eidem
941 2343 1127 2406 canonicam
1150 2343 1302 2428 deinceps

250 2441 468 2508 obedientiam
497 2440 586 2504 omni
615 2440 827 2524 ambiguitate
855 2440 980 2503 detersa
1005 2440 1175 2507 exibeatis.
1233 2442 1302 2506 Re-

247 2570 322 2612 vera
330 2545 462 2622 etenim,
474 2543 646 2608 reverende
657 2551 762 2626 pater,
771 2552 810 2604 ut
821 2541 943 2626 optime
958 2542 1049 2606 novit
1063 2544 1177 2608 caritas
1185 2553 1301 2622 vestra,

248 2671 386 2712 canones
412 2646 492 2711 sacri
506 2667 676 2730 personam
687 2643 876 2730 hujusmodi
891 2645 1075 2728 ambiguam
1090 2657 1148 2709 aut
1162 2647 1302 2710 testibus

247 2749 417 2833 legalibus,
433 2745 486 2810 vel
500 2745 705 2810 sacramentis
720 2743 955 2822 ecclesiasticis,
972 2767 1030 2808 seu
1053 2746 1151 2833 etiam
1173 2747 1303 2812 scedula

245 2851 391 2936 ejusdem
409 2848 614 2913 corroborata
636 2846 754 2932 sigillo,
780 2855 961 2910 sanxerunt
980 2847 1124 2932 astringi.
1171 2847 1300 2933 Nempe

246 2952 395 3016 dominus
408 2959 518 3015 noster
533 2950 704 3036 episcopus
720 2948 880 3027 Hilarius,
896 2958 1045 3040 suseepto
1059 2949 1158 3036 hujus
1182 2961 1301 3014 sanctae

245 3054 356 3118 matris
370 3062 485 3117 vestrae
509 3051 653 3115 ecclesiae
667 3050 835 3135 regimine,
847 3053 947 3136 juxta
967 3057 1125 3118 canonum
1139 3051 1301 3132 instituta,

244 3176 300 3218 vos
315 3176 390 3217 cum
416 3153 555 3236 quadam
578 3152 756 3236 parrochiae
780 3172 848 3215 suae
872 3163 1009 3236 persona
1029 3152 1102 3230 alia,
1118 3154 1227 3230 semel,
1243 3154 1303 3218 ite·

245 3276 383 3337 rumque
399 3264 434 3316 et
448 3251 557 3329 tertio,
574 3252 734 3336 synodum
748 3253 837 3316 adire
859 3253 946 3336 apud
962 3252 1150 3316 Cicestriam
1165 3278 1305 3319 summo-

247 3355 334 3418 nitos
348 3376 408 3418 nec
421 3353 598 3429 venientes,
621 3352 804 3417 interdixit.
849 3354 974 3421 Verum
988 3376 1124 3437 persona
1144 3355 1207 3418 alia
1228 3378 1304 3440 sup-

247 3455 325 3540 plici
344 3477 422 3518 voce
446 3453 573 3518 veniam
596 3463 711 3538 petens
726 3453 887 3531 obtinuit,
907 3454 998 3518 vobis
1013 3456 1108 3520 modo
1127 3456 1162 3520 in
1177 3467 1305 3522 senten·

246 3558 292 3621 tia
319 3543 528 3641 permanente
556 3566 632 3640 post
660 3554 758 3620 unius
786 3556 863 3619 anni
893 3557 1090 3622 curriculum
1119 3559 1154 3622 in
1181 3560 1304 3644 synodo

248 3667 357 3722 sancta
370 3657 537 3722 vinculum
552 3656 765 3722 anathematis
779 3657 968 3742 impositum
979 3669 1040 3738 est,
1055 3683 1121 3745 quo
1135 3685 1191 3726 vos
1206 3662 1305 3728 etiam

248 3775 351 3844 usque
367 3760 402 3823 in
415 3760 607 3824 hodiernum
622 3759 789 3824 astrictum
801 3769 958 3825 tenemus.
1005 3762 1225 3830 Quamobrem
1233 3765 1305 3828 haec

249 3870 358 3926 sancta
383 3861 517 3926 ecclesia
545 3861 637 3925 vobis
662 3871 701 3926 ut
728 3861 796 3926 filio
821 3862 1004 3941 condolens,
1034 3866 1178 3948 postulat
1203 3867 1306 3932 uthis

249 3984 336 4025 nunc
358 3961 490 4040 relictis,
515 3963 611 4025 nobis
625 3962 781 4026 fratribus
804 3963 919 4026 vestris
939 3964 1062 4029 scilicet
1085 3966 1304 4047 audientibus,

249 4083 324 4148 quae
341 4062 404 4126 sibi
412 4064 487 4148 jure
502 4063 627 4126 debetis
644 4063 789 4149 profiteri
812 4086 879 4127 non
893 4063 1058 4130 differatis.
1103 4065 1150 4129 Et
1165 4067 1252 4150 quia,
1268 4082 1307 4134 ut

249 4165 397 4250 superius
422 4163 628 4250 protulimus,
653 4186 718 4227 uno
735 4187 778 4228 ex
793 4165 897 4228 tribus
911 4165 1041 4230 vinculo
1056 4189 1191 4251 persona
1205 4171 1306 4234 ambi-

250 4290 315 4352 gua
329 4289 417 4330 more
433 4265 649 4330 ecclesiastico
664 4275 713 4329 est
726 4266 941 4349 astringenda,
957 4269 999 4331 ob
1014 4268 1169 4335 honorem
1188 4281 1222 4336 et
1237 4273 1307 4358 dig·

250 4369 386 4436 nitatem
401 4368 545 4433 ecclesiae
561 4378 595 4432 et
609 4387 756 4453 personae
765 4379 880 4433 vestrae
890 4369 1089 4455 providimus
1103 4372 1308 4441 excellentis-
