3278 5162
359 558 402 624 98
654 571 825 627 munia
850 569 1100 622 mansuerus

358 737 534 802 titudinem
556 757 623 800 non
643 736 812 814 modicam,
828 757 903 802 cum
915 735 1015 800 fratre
1038 759 1098 802 suo
1117 735 1247 814 abbate,
1264 735 1416 800 omnibus

357 839 409 904 his
430 838 495 904 sibi
515 837 765 918 cohaerentibus,
787 837 823 902 in
843 860 943 903 unam
964 837 1100 922 capituli
1120 848 1247 922 partem
1272 839 1414 916 secessit,

358 951 458 1024 atque
472 940 633 1025 superbis
648 963 760 1005 eorum
774 941 967 1004 sententiam
981 940 1170 1025 perquirere
1185 939 1297 1024 coepit.
1335 941 1415 1004 Rex

358 1043 488 1108 missam
510 1043 642 1106 interim
656 1043 827 1107 auditurus
841 1043 1009 1106 ecelesiam
1022 1043 1115 1120 adiit,
1139 1042 1324 1126 iterumque
1339 1053 1415 1126 post

357 1145 487 1210 missam
509 1145 632 1209 ibidem
650 1144 779 1209 rediens
798 1147 834 1208 in
853 1145 929 1208 sede
953 1167 1012 1209 sua
1024 1144 1154 1209 resedit.
1198 1145 1359 1208 Ricardus
1373 1143 1414 1206 de

358 1247 443 1312 Luci
457 1269 532 1312 cum
551 1247 667 1311 abbate
681 1257 716 1311 et
729 1247 879 1311 omnibus
892 1246 954 1311 sibi
974 1247 1099 1332 junctis
1113 1247 1250 1311 consilio
1271 1268 1414 1310 eommu-

357 1349 466 1414 nicato
488 1348 597 1428 rediit,
622 1349 842 1434 impositoque
867 1349 1083 1434 responsionis
1108 1371 1253 1412 sermone
1277 1348 1413 1412 Thomae

359 1450 548 1516 cancellario
569 1451 665 1535 regis,
695 1451 846 1516 omnibus
859 1451 1079 1529 audientibus,
1104 1451 1244 1516 facunda
1267 1451 1412 1515 oratione

357 1553 420 1618 hoc
434 1553 532 1617 modo
546 1553 634 1616 idem
647 1575 838 1639 responsum
851 1553 995 1616 reddidit
1005 1552 1111 1617 heros.

194 1672 287 1714 rum
294 1673 332 1716 ue
402 1659 424 1690 ‘⁴
434 1655 505 1718 Diu
515 1665 608 1739 pater
615 1656 790 1720 reverende
802 1655 909 1719 Hilari
918 1655 1109 1739 quaestionis
1121 1677 1141 1719 a
1153 1665 1259 1719 vestra
1271 1654 1415 1739 pruden-

193 1723 315 1834 griffina
357 1757 406 1821 tia
433 1757 556 1821 habita
595 1757 711 1821 seriem
738 1767 937 1835 retexentes,
966 1769 1054 1821 certa
1082 1757 1248 1842 aequitatis
1275 1757 1412 1834 ratione,

192 1822 320 1915 'ww'
357 1858 455 1924 certis
485 1859 583 1923 etiam
617 1880 789 1943 procerum
814 1859 1025 1944 praesentium
1052 1859 1222 1943 suffragiis,
1258 1859 1416 1923 nonnulla

356 1959 477 2024 referre
510 1960 719 2025 decrevimus.
775 1961 927 2046 Inprimis
964 1961 1066 2046 igitur
1093 1961 1285 2027 venerabilis
1312 1962 1412 2026 abbas

357 2060 524 2127 Gauterus
551 2071 658 2146 grates
679 2072 795 2126 vestrae
820 2063 1004 2147 prudentiae
1028 2063 1283 2147 quammaximae
1298 2063 1411 2140 refert,

356 2166 445 2249 quod
458 2188 518 2251 pro
531 2165 699 2230 benefieiis
711 2166 804 2230 vobis
817 2167 858 2230 ab
873 2167 988 2231 eodem
1002 2166 1137 2246 collatis,
1163 2167 1257 2230 illum
1270 2165 1307 2228 in
1320 2175 1412 2230 tanta

354 2275 498 2352 tamque,
513 2278 553 2332 ut
566 2268 620 2331 hic
634 2290 721 2331 nunc
736 2277 872 2346 constat,
888 2269 978 2332 curia
991 2269 1171 2353 magnifica,
1194 2267 1410 2353 praesentibus

354 2368 453 2432 etiam
466 2369 566 2432 tantis
586 2379 718 2454 tamque
740 2369 817 2433 viris
841 2370 1018 2450 nobilibus,
1042 2371 1212 2454 magnifica
1229 2370 1325 2433 laude
1351 2392 1410 2432 ex-

353 2469 479 2536 tollitis.
524 2470 624 2538 Quod
647 2471 675 2534 si
697 2470 763 2534 illis
782 2471 984 2556 temporibus
1006 2473 1042 2536 in
1056 2482 1147 2536 tanta
1165 2482 1297 2557 tamque
1320 2471 1410 2535 curia

353 2572 528 2638 excellenti
542 2572 605 2638 sibi
623 2573 696 2652 hoc,
712 2583 779 2636 tam
800 2573 952 2637 maximae
974 2574 1078 2639 laudis
1100 2573 1294 2638 extollentia
1312 2573 1409 2657 inpu-

353 2675 488 2740 tandum
510 2683 664 2760 speraret,
689 2673 836 2760 profecto
861 2685 901 2738 ut
914 2674 1037 2740 fatetur
1059 2675 1254 2740 beneficium
1270 2673 1408 2758 amplifi·
1467 2677 1471 2682 “

353 2787 450 2842 caret.
494 2776 621 2842 Verum
641 2777 716 2841 inde
732 2799 829 2860 quam
842 2777 986 2840 maximo
1001 2777 1110 2841 dolore
1125 2777 1305 2855 conficitur,
1321 2775 1410 2860 quod

352 2900 412 2962 pro
425 2877 584 2942 beneficio
599 2878 639 2941 ab
654 2895 693 2940 eo
707 2877 849 2962 benigne
862 2878 962 2941 animi
977 2879 1148 2943 devotione
1170 2879 1263 2943 vobis
1277 2877 1405 2955 collato,

353 2989 392 3041 ut
406 2978 555 3042 omnibus
578 2979 631 3042 hic
653 2979 870 3063 praesentibus
894 2989 1008 3064 patens
1032 2991 1091 3060 est,
1113 2981 1182 3045 vice
1197 3003 1288 3045 versa
1309 3002 1406 3044 vene-

353 3079 427 3144 ficia
454 3079 503 3144 illi
528 3079 615 3144 omni
639 3080 757 3144 mentis
772 3081 888 3146 annisu
910 3083 1085 3166 rependere
1106 3083 1260 3167 satagitis.
1307 3081 1407 3144 Nunc

351 3181 454 3266 igitur
468 3193 580 3247 contra
593 3182 655 3246 sibi
671 3183 797 3267 objecta
809 3183 871 3247 hoc
885 3184 980 3248 modo
995 3206 1186 3270 responsum
1199 3183 1315 3250 refert.-

398 3287 420 3319 “
433 3282 470 3347 Si
481 3284 687 3350 Cantuariam
696 3295 810 3370 petens
820 3285 855 3348 in
870 3285 1046 3350 sacratione
1053 3294 1159 3352 vestra
1166 3308 1309 3372 praeseus
1321 3284 1408 3348 exti-

354 3385 442 3464 tisse,
467 3396 501 3452 et
520 3397 594 3472 post
607 3388 695 3472 apud
711 3385 899 3451 cicestriam
918 3387 1010 3453 vobis
1024 3387 1139 3452 obvius
1159 3387 1194 3451 in
1214 3387 1288 3452 sede
1302 3397 1408 3452 vestra

353 3487 573 3572 sollempniter
595 3511 651 3552 vos
675 3488 856 3567 collocasse,
882 3511 1009 3554 necnon
1037 3499 1072 3552 et
1096 3491 1131 3554 in
1157 3490 1279 3574 synodo
1304 3498 1410 3551 vestra

354 3589 508 3664 resedisse
531 3611 605 3652 cum
629 3589 744 3654 ceteris
758 3591 997 3676 comprobatur,
1022 3591 1181 3676 dignitate
1206 3602 1241 3654 et
1257 3591 1406 3655 libertate

355 3691 499 3756 ecclesiae
514 3713 582 3754 suae
598 3692 638 3755 de
654 3690 759 3769 Bello,
783 3701 866 3756 teste
891 3692 988 3756 etiam
1003 3702 1091 3757 carta
1103 3715 1162 3758 sua
1180 3692 1232 3756 hic
1253 3692 1407 3777 perlecta,

353 3793 547 3859 utrumlibet
560 3793 622 3858 sibi
636 3802 693 3857 aut
706 3792 819 3856 fecisse
833 3792 911 3857 licet
934 3793 1053 3858 horum
1064 3793 1116 3858 vel
1137 3794 1268 3860 minime
1292 3792 1405 3878 egisse.

354 3896 472 3982 Neque
487 3895 574 3960 enim
597 3894 726 3963 vinculo
748 3893 858 3980 aliquo
883 3918 902 3959 a
924 3896 1027 3976 vobis,
1047 3906 1086 3960 ut
1099 3895 1170 3960 haec
1183 3895 1290 3984 rigore
1305 3894 1406 3958 ecele-

353 3999 480 4065 siastico
495 3999 676 4084 persolvere
705 3998 832 4075 debeat,
859 3998 1052 4088 constrictus
1086 4009 1146 4079 est,
1177 3998 1301 4087 quippe
1329 4019 1404 4061 eum

352 4112 468 4165 vestrae
491 4122 558 4165 non
581 4101 748 4186 subjaceat
774 4099 901 4178 ditioni,
928 4099 1027 4164 immo
1042 4109 1125 4164 teste
1147 4110 1234 4164 carta
1248 4122 1306 4164 sua
1318 4120 1403 4184 prae·

351 4202 437 4266 dicta
458 4201 542 4268 liber
565 4212 614 4268 est
633 4203 674 4267 ab
689 4203 777 4268 omni
802 4203 1003 4289 subjectione
1017 4212 1132 4269 vestra.
1177 4201 1404 4287 Archiepisco·

348 4325 428 4388 pum
451 4304 548 4370 etiam
571 4305 737 4370 dominum
751 4314 898 4369 nostrum
914 4303 1176 4370 Cantuariensem
1190 4305 1314 4369 scilicet
1328 4326 1405 4366 con-

349 4415 498 4484 testatur,
527 4406 589 4470 hoc
612 4429 646 4470 se
674 4407 746 4492 ipso
774 4407 986 4498 praecipiente
1011 4407 1213 4493 perfecisse.”
1251 4406 1306 4470 Ad
1331 4405 1403 4469 haec
