3240 5154
523 579 747 632 nonasrnrn
774 581 822 630 m:
848 580 976 633 escun.
1212 563 1274 628 149

217 731 506 814 optemperandum
517 741 582 794 tam
597 733 750 796 devotum
761 743 891 817 tamque
907 739 1092 817 promptum
1107 753 1140 792 se
1152 730 1279 814 specie-r

217 841 313 893 tenus
328 831 534 911 exhibuerat,
550 843 588 896 ut
601 857 680 897 mox
694 834 796 920 priori
811 843 845 896 et
860 834 1032 898 conventui
1051 834 1090 897 de
1109 832 1203 896 Bello
1219 833 1274 896 lit-

216 941 300 996 teras
324 945 611 1018 supramemoratas
642 937 887 1017 transmitteret,
920 937 1047 1021 sibique
1073 947 1174 1000 cartas
1203 937 1274 1018 dig-

218 1035 358 1098 nitatum
373 1059 409 1098 ac
423 1037 611 1102 libertatum
625 1038 812 1120 monasterii
827 1038 946 1102 deferri
956 1039 1100 1124 juberet.
1128 1038 1277 1103 Venerat

217 1135 318 1219 igitur
334 1159 436 1221 nsque
449 1139 665 1203 Wedestoche
680 1141 768 1224 prior
783 1140 837 1203 ille
853 1141 1045 1204 venerabilis
1060 1164 1115 1226 spe
1131 1141 1273 1204 maxima

217 1237 315 1322 regiae
331 1239 550 1322 promissionis
565 1242 734 1320 adductus.
781 1241 874 1305 Prior
889 1252 923 1305 et
936 1242 1050 1306 fratres
1065 1242 1168 1306 sancti
1183 1243 1276 1306 Mar«

217 1338 278 1400 tini
294 1339 333 1402 de
350 1338 443 1404 Bello
457 1341 542 1406 hunc
566 1343 717 1408 maximae
733 1343 897 1428 opinionis
919 1343 1024 1407 virum
1046 1367 1115 1419 esse
1139 1367 1275 1428 cognos-

216 1451 334 1521 centes,
361 1444 597 1508 communicato
622 1445 756 1508 consilio
782 1445 966 1530 eligendum
993 1468 1068 1510 eum
1093 1445 1274 1530 praeficien-

215 1544 357 1630 dumque
382 1547 445 1610 sibi
472 1548 694 1626 decreverimt,
721 1548 892 1612 Gileberto
916 1547 1096 1612 Londoniae
1121 1547 1272 1633 episcopo

216 1649 406 1733 oaeterisque
432 1649 467 1713 in
488 1673 627 1735 quorum
653 1651 782 1714 stabant
806 1649 978 1734 praesentia
998 1649 1033 1712 id
1046 1648 1154 1733 ipsum
1169 1649 1274 1721 omni-

215 1749 318 1813 modis
333 1751 613 1834 persuadentibus.
660 1751 769 1818 Quem
784 1751 915 1837 quidem
928 1774 968 1816 eo
981 1749 1188 1825 affectuosius
1202 1773 1271 1836 prae

216 1851 341 1916 caeteris
366 1851 429 1915 sibi
446 1853 487 1916 ad
508 1853 691 1937 eligendum
706 1853 880 1938 propositis
897 1853 1011 1916 fratres
1033 1849 1274 1926 admittendum

217 1965 425 2032 censuerunt,
454 1978 519 2039 quo
545 1977 619 2020 cum
644 1955 724 2019 alios
747 1955 877 2018 omnino
900 1955 1071 2032 nescirent,
1098 1955 1204 2039 ipsum
1229 1979 1276 2020 ex

214 2065 307 2140 parte
337 2067 569 2140 cognoverunt.
615 2055 651 2119 Si
675 2057 754 2141 quid
776 2079 852 2120 vero
886 2056 933 2119 eis
959 2055 1086 2120 notitiae
1114 2056 1215 2140 ipsius
1236 2056 1273 2120 in

215 2179 342 2222 morum
361 2158 532 2244 inexperta
552 2159 662 2222 deerat
685 2159 864 2235 honestate,
888 2179 944 2242 spe
959 2158 1045 2220 bona
1064 2157 1271 2242 supplebant,

216 2269 251 2322 et
279 2261 378 2323 nimia
402 2281 470 2325 suae
495 2261 657 2346 opinionis
683 2261 882 2324 dilatatione.
928 2260 1108 2345 Sperabant
1132 2282 1271 2345 namque

215 2361 277 2425 sibi
293 2372 327 2426 et
342 2364 487 2428 ecclesiae
501 2387 568 2428 suae
584 2387 650 2426 non
665 2363 817 2428 inutilem
837 2365 996 2442 futurum,
1015 2387 1112 2448 quem
1128 2363 1273 2427 ecclesiae

218 2463 442 2530 Cantuariensi
457 2467 491 2531 in
506 2490 571 2551 qua
586 2467 746 2552 prioratus
761 2467 958 2551 fungebatur
973 2467 1079 2530 officio
1094 2466 1273 2530 didicerant

215 2567 315 2630 fuisse
337 2569 562 2632 necessarium.
608 2568 790 2631 Nuntiatur
813 2569 882 2652 regi
907 2579 939 2631 et
959 2569 1200 2652 archiepiscopo
1214 2593 1273 2654 per

217 2668 404 2753 episcopum
427 2669 609 2732 Londoniae
634 2671 722 2753 quod
746 2691 842 2754 super
870 2671 940 2754 ipso
963 2669 1112 2753 eligendo
1134 2669 1274 2733 inierant

206 2770 404 2848 'consilium3
428 2772 547 2856 probat
560 2780 698 2855 uterque
712 2771 860 2857 praebens
875 2793 1048 2835 assensum.

258 2873 442 2937 Mittuntur
463 2896 539 2958 ergo
559 2873 600 2938 ad
620 2873 728 2958 ipsum
747 2873 963 2937 venerabilem
992 2873 1133 2958 priorem
1158 2893 1272 2936 vocan·
1284 2917 1328 2958 me
1340 2917 1427 2959 ,mim

216 2975 294 3040 dum
319 2977 384 3040 duo
418 2976 572 3060 episcopi,
604 2976 662 3061 qui
688 2999 762 3040 eum
792 2999 866 3040 cum
889 2977 1009 3040 honore
1036 2976 1216 3060 perducant
1238 2977 1271 3038 in
1284 2969 1400 3059 ffll‘dw

215 3079 420 3160 praesentiam
434 3078 519 3161 regis
534 3088 568 3141 et
582 3079 824 3163 archiepiscopi.
870 3079 1054 3144 Mirabatur
1069 3078 1117 3141 vir
1131 3080 1273 3162 prudens

217 3188 338 3241 tantam
353 3179 416 3242 sibi
426 3179 591 3264 inopinate
603 3179 752 3242 exhiberi
763 3181 894 3244 honoris
909 3181 1130 3257 reverentiam,
1142 3182 1272 3244 credens

217 3279 276 3342 sibi
302 3281 343 3343 ad
357 3281 512 3344 honorem
528 3281 737 3365 temporalem
762 3303 857 3364 posse
879 3282 1035 3357 sufficere,
1053 3281 1080 3342 si
1101 3283 1196 3346 modo
1214 3303 1273 3366 per

218 3382 399 3465 quemlibet
413 3383 576 3447 inferioris
588 3383 754 3467 dignitatis
770 3394 804 3446 et
820 3383 939 3447 ordinis
959 3383 1142 3446 ministrum
1162 3383 1196 3446 in
1217 3407 1271 3447 eo-

216 3506 287 3547 rum
296 3485 500 3569 praesentiam
512 3485 684 3570 juberetur
697 3485 818 3548 adesse.
849 3484 1045 3548 Venientem
1060 3471 1271 3570 susceperunt

216 3608 288 3649 cum
311 3586 432 3650 honore
455 3609 515 3649 rex
530 3595 563 3649 et
577 3585 845 3670 archiepiscopus,
862 3595 897 3648 et
914 3607 987 3648 cum
1003 3585 1099 3650 simul
1121 3587 1269 3654 sederent

214 3711 288 3752 eum
310 3690 395 3764 inter
417 3711 451 3752 se
476 3689 620 3752 medium
646 3688 757 3750 sedere
781 3687 941 3751 fecerunt.
987 3687 1169 3752 Introducti
1193 3703 1270 3752 sunt

213 3791 336 3855 interea
349 3792 439 3876 prior
453 3801 487 3854 et
501 3791 615 3854 fratres
633 3790 735 3853 sancti
751 3789 888 3853 Martini
910 3790 949 3852 de
970 3789 1075 3868 Bello,
1098 3791 1137 3852 de
1161 3793 1267 3874 praefi-

213 3891 318 3954 ciendi
344 3893 406 3955 sibi
430 3893 565 3976 pastoris
591 3891 749 3954 electione
774 3892 881 3976 palam
907 3891 1162 3975 pronuntiaturi.
1212 3893 1268 3956 Ad

214 4016 353 4078 quorum
377 3995 565 4076 ingressum,
595 4003 767 4078 coeperunt
793 3993 1003 4076 cogitationes
1031 3993 1065 4054 in
1090 3992 1150 4054 viri
1179 3994 1268 4056 illius

214 4095 404 4158 venerabilis
424 4117 488 4174 cor,
505 4106 543 4158 ut
565 4095 634 4178 ipse
656 4096 862 4178 postmodum
886 4116 1024 4158 asserere
1049 4093 1170 4158 solitus·
1187 4109 1265 4174 erat,

213 4197 393 4274 ascendere,
425 4197 557 4282 jamque
592 4207 700 4260 mente
726 4197 960 4262 vaticinabatur
993 4207 1176 4282 suspectum
1210 4199 1266 4264 ha«

213 4299 293 4362 bens
323 4300 411 4384 quod
436 4299 649 4362 incontinenti
674 4300 812 4384 contigit
838 4301 990 4385 experiri.
1037 4300 1267 4368 Processerunt

213 4400 323 4486 itaque
347 4401 535 4481 introducti,
552 4413 593 4465 -et
615 4401 691 4484 quia
705 4403 793 4486 prior
807 4402 1020 4487 impeditioris
1045 4413 1113 4467 erat
1131 4403 1265 4488 linguae,
