3240 5154
830 804 904 896 (E.)

418 970 596 1016 EKTBACTS
618 971 661 1015 ΟΡ
683 969 864 1015 culmus
887 968 960 1013 Aru)
984 968 1193 1014 DOCUHENTS
1216 970 1313 1013 PROM

608 1071 680 1116 '1⁸11ss
702 1070 902 1116 rnolsrnnn
925 1069 971 1114 DE
995 1071 1115 1115 BELLO.

663 1200 742 1253 From
753 1199 801 1252 the
812 1215 884 1253 same
896 1197 955 1252 MS.
967 1215 995 1269 p.
1007 1201 1053 1252 36.

826 1354 854 1418 L

340 1490 563 1575 Confirmation
576 1491 614 1573 os
627 1512 649 1553 a
673 1489 816 1574 Corrady
836 1511 872 1552 or
889 1489 1089 1564 Echionios,
1111 1489 1146 1550 in
1166 1486 1217 1548 tlte
1233 1484 1338 1570 Abbey
1355 1491 1396 1569 of

377 1593 501 1670 Battle,
513 1601 544 1655 to
560 1589 684 1656 Alanus
697 1592 736 1654 dc
750 1591 903 1668 Melone,
922 1589 1142 1654 Chamberloin
1156 1589 1194 1670 ‘ff
1205 1589 1254 1650 tle
1267 1589 1389 1672 Birhop

374 1694 412 1776 of
422 1694 610 1771 character,
626 1716 665 1758 on
677 1702 826 1778 populent
839 1695 878 1775 os
888 1693 950 1756 100
963 1691 1081 1755 Morkr
1087 1691 1175 1772 from
1190 1690 1241 1753 tte
1254 1691 1388 1774 Bishop.

376 1795 603 1881 -Reqirtrnm
616 1795 655 1857 de
669 1794 773 1872 Bello,
789 1814 812 1857 1.
831 1795 903 1858 109.

378 1942 544 2008 Universis
566 1942 608 2006 ad
627 1964 709 2027 quos
732 1951 907 2027 praesentcs
929 1941 1050 2006 littcroe
1078 1941 1293 2026 pervenerint,
1326 1943 1388 2007 &o

333 2045 474 2110 loannes
489 2045 554 2110 De'i
575 2045 679 2129 gratia
702 2045 800 2109 abbas
823 2045 864 2108 de
886 2043 981 2108 Bello
1001 2053 1035 2107 et
1059 2044 1204 2128 ejusdem
1227 2044 1290 2108 loci
1311 2067 1389 2108 con-

331 2157 448 2212 ventus
463 2148 608 2212 salutem.

378 2249 516 2314 Noverit
548 2249 738 2313 universitas
760 2257 866 2312 vestra
895 2268 955 2310 nos
984 2247 1143 2331 recepisse
1166 2270 1186 2311 a
1209 2249 1388 2312 venerabili

332 2362 424 2435 patre
444 2351 575 2414 domino
591 2351 635 2414 G.
652 2351 718 2412 Dei
737 2349 841 2434 gratia
857 2348 1024 2412 Cicestriae
1039 2349 1202 2434 episcopo,
1219 2369 1249 2415 c.
1265 2373 1388 2414 marcas

332 2452 478 2535 sterling.
500 2474 559 2538 pro
585 2453 726 2535 quodam
748 2451 892 2515 corradio
914 2451 981 2514 sive
1004 2451 1196 2516 hlreratione
1226 2452 1388 2535 assignata

332 2553 440 2618 Alano
455 2555 495 2618 de
511 2553 670 2633 Meltone,
687 2553 860 2618 camerario
872 2575 941 2630 suo,
960 2551 1022 2636 [in]
1040 2553 1135 2616 domo
1149 2562 1277 2631 nostra3
1299 2555 1386 2618 sicut

332 2657 367 2721 in
381 2667 469 2721 carta
482 2665 592 2722 nostra
603 2679 700 2741 quam
714 2656 819 2721 eidem
834 2654 1054 2739 Alano'super
1072 2655 1134 2718 hoc
1149 2655 1296 2734 fecimus,
1315 2657 1387 2740 ple-

330 2760 405 2825 nius
419 2759 613 2824 continetur.
652 2757 704 2822 De
720 2781 785 2843 qua
797 2758 936 2846 pecunia
949 2757 1043 2820 nobis
1057 2779 1125 2820 esse
1135 2757 1279 2841 plenarie
1293 2759 1388 2822 satis-

331 2861 452 2926 factum
466 2871 578 2925 tenore
592 2861 803 2945 praesentium
817 2859 1019 2923 confitemur.
1065 2857 1106 2921 In
1125 2859 1219 2943 cujus
1232 2860 1281 2922 rei
1295 2861 1386 2923 testi·

234 2993 242 3010 ·
331 2962 476 3026 monium
496 2961 640 3045 sigillum
659 2971 807 3024 nostrum
825 2961 945 3047 apponi
965 2960 1100 3024 fecimus
1117 2958 1194 3023 huic
1209 2960 1339 3045 scripto.

374 3063 452 3127 Dat.
472 3063 507 3126 in
527 3063 622 3126 domo
641 3073 751 3127 nostra
772 3062 877 3148 pridie
893 3061 968 3126 idus
993 3061 1125 3126 Januar.
1144 3083 1228 3126 anno
1250 3061 1385 3127 Domini

334 3163 426 3230 1300.

830 3246 878 3310 II.

396 3384 502 3448 Termr
517 3385 555 3466 of
565 3385 615 3446 tle
630 3384 1001 3468 Peneion-Remorum
1016 3385 1054 3447 de
1069 3385 1172 3463 Beth),
1189 3406 1212 3451 1.
1233 3387 1304 3450 109.

373 3517 534 3606 Omnibus
560 3515 681 3579 Christi
704 3515 855 3579 fidelibus
885 3515 926 3578 ad
952 3537 1033 3599 quos
1057 3537 1200 3600 praesens
1225 3516 1384 3600 scriptum

328 3617 521 3704 pervenerit,
536 3616 700 3680 lohannes
716 3616 781 3680 Dei
798 3615 901 3701 gratia
915 3616 1012 3680 abbas
1027 3617 1067 3680 de
1083 3616 1177 3680 Bello
1192 3627 1226 3681 et
1238 3618 1382 3702 ejusdem

328 3720 391 3784 loci
406 3728 594 3795 conventus,
610 3717 748 3782 salutem
763 3718 798 3780 in
813 3717 957 3780 Domino
971 3719 1208 3802 sempiternam.

373 3819 511 3886 Noverit
524 3817 715 3884 universitas
729 3827 834 3882 vestra
848 3841 906 3882 nos
915 3818 1106 3882 concessisse
1121 3818 1228 3884 Alano
1240 3819 1280 3883 de
1296 3819 1383 3884 Mel·

328 3922 427 3988 thone
453 3920 626 3988 camerario
648 3918 841 3984 venerabilis
863 3919 964 4004 patris
986 3917 1122 3984 Domini
1148 3920 1292 3986 Gilberti
1315 3921 1382 3986 Dei

329 4026 433 4110 gratia
456 4023 622 4089 Cioestriae
646 4022 800 4109 episcopi,
824 4021 960 4105 singulis
982 4021 1096 4085 diebus
1119 4024 1225 4106 quoad
1251 4023 1383 4102 vixerit,

328 4128 408 4193 duos
423 4126 615 4212 symenellos
633 4125 763 4212 majoris
782 4123 944 4210 ponderis,
960 4145 1063 4188 unum
1076 4125 1224 4208 galonem
1239 4135 1273 4190 et
1287 4126 1382 4190 dimi-

328 4230 418 4294 dium
434 4228 575 4294 cervisiae
591 4237 777 4304 conventus,
793 4249 894 4292 unum
909 4225 1068 4290 ferculum
1081 4237 1116 4290 et
1130 4227 1299 4292 dimidium
1315 4237 1382 4291 tam

327 4331 441 4400 diebus
461 4331 604 4398 onmium
624 4352 721 4415 quam
736 4329 885 4416 piscium,
908 4329 992 4394 sicut
1011 4328 1113 4394 libera
1135 4329 1258 4394 familia
1270 4339 1382 4394 nostra
