3240 5154
505 525 729 578 nonasrnnn
755 526 804 576 un
830 524 958 576 nunno.
1191 506 1253 572 179

199 686 366 759 perpetuae
386 677 446 740 sub
460 677 616 761 pensione
637 699 690 740 xv.
712 697 891 740 marcarum
915 675 1110 738 monasterio
1131 695 1252 736 annua-

199 775 259 838 tim
278 777 430 841 solvenda
447 777 637 862 possideret.
680 777 727 840 Et
742 776 905 860 quoniam,
921 786 960 839 ut
980 775 1173 861 praedictum
1192 785 1251 850 est,

200 875 401 942 Godefridus
413 888 491 943 tunc
507 879 660 963 temporis
673 879 709 941 in
723 877 943 942 transmarinis
963 899 1086 940 moram
1099 876 1251 954 faciebat,

198 979 233 1040 in
253 979 361 1044 reditu
376 1003 434 1044 suo
455 981 496 1045 ad
510 980 740 1044 monasterium
755 979 840 1042 Belli
854 978 889 1042 in
903 978 1034 1063 propria
1048 1001 1185 1063 persona
1199 1001 1250 1041 ac-

198 1080 337 1159 cederet,
353 1082 566 1146 instrumenta
577 1083 684 1146 omnia
699 1101 774 1166 quae
787 1081 840 1146 vel
853 1081 938 1166 regis
952 1081 1004 1145 vel
1018 1081 1251 1167 archiepiscopi

197 1183 326 1246 nomine
351 1206 447 1268 super
470 1183 608 1269 praefata
626 1184 760 1248 ecclesia
782 1184 903 1247 habere
924 1183 1106 1261 videbatur,
1125 1205 1250 1247 monas·

197 1285 279 1348 terio
307 1285 493 1370 resignaret,
520 1285 824 1370 munimentumque
853 1307 912 1369 per
942 1285 1031 1368 quod
1057 1283 1249 1368 compositio

195 1385 408 1452 firmaretura
432 1388 500 1451 solo
519 1387 713 1451 monasterio
732 1387 901 1472 reciperet.
947 1386 988 1450 In
1006 1386 1093 1450 hunc
1116 1386 1248 1448 modum

193 1486 331 1552 formata
351 1499 386 1553 et
405 1489 481 1552 hinc
500 1489 576 1552 inde
596 1490 774 1573 approbata
792 1487 1036 1572 compositione,
1061 1487 1159 1550 abbas
1175 1486 1248 1550 Deo

193 1597 229 1651 et
249 1590 347 1653 beato
371 1590 517 1653 Martino
537 1589 656 1674 gratias
678 1611 775 1672 agens
798 1589 834 1650 in
857 1611 916 1652 sua
934 1587 1043 1665 rediit,
1064 1589 1133 1672 jam
1156 1597 1248 1657 tauto

192 1689 336 1768 hilarior,
353 1700 475 1772 quanto
490 1690 530 1752 de
545 1712 640 1753 causa
654 1713 712 1753 sua
726 1689 878 1753 securior.
924 1689 1147 1773 Interrogatus
1163 1689 1249 1753 inter

192 1790 419 1873 gratulandum
440 1791 467 1854 si
486 1791 555 1876 jam
571 1791 711 1874 graviter
729 1791 839 1869 ferret,
866 1791 955 1875 quod
981 1791 1185 1855 decretorum
1210 1813 1247 1854 ac

192 1891 302 1976 legum
338 1893 530 1957 exercitium
565 1915 632 1956 non
673 1893 817 1970 haberet,
855 1893 997 1978 jocunde
1038 1893 1247 1977 respondens,

195 1995 216 2027 “
229 1993 361 2071 Nulla,”
381 1994 501 2078 inquit,
525 1995 615 2058 “lex
642 2003 709 2057 tam
730 1995 825 2070 bona,
855 1993 983 2057 nullum
1013 1994 1094 2056 adeo
1132 1993 1247 2056 efficax

193 2094 368 2174 decretum,
384 2105 423 2158 ut
439 2107 488 2159 est
498 2095 650 2180 psalmus,
663 2096 820 2160 Miserere
837 2096 898 2157 mei
908 2094 1028 2158 Deus.”
1074 2093 1157 2157 Haec
1172 2094 1247 2158 ideo

192 2195 346 2260 duximus
374 2196 554 2274 inserenda,
584 2207 623 2260 ut
650 2195 777 2281 liquido
804 2197 900 2260 detur
928 2195 1067 2280 intelligi
1091 2205 1246 2280 quantam

190 2294 341 2360 habuerit
367 2297 402 2361 in
431 2298 575 2362 oratione
601 2298 814 2375 devotionem,
846 2297 903 2382 qui
928 2299 997 2382 jam
1026 2298 1183 2361 didicerat
1210 2299 1245 2363 in

190 2419 285 2462 causa
311 2421 368 2462 sua
389 2399 490 2484 magis
509 2399 656 2463 obtinere
677 2399 750 2464 fusa
770 2400 811 2462 ad
830 2399 939 2463 Deum
960 2399 1118 2476 oratione,
1147 2422 1244 2484 quam

188 2498 328 2564 facunda
349 2501 518 2565 hominum
543 2501 747 2585 allegatione.
792 2501 974 2584 Negotium
999 2501 1061 2564 hoc
1085 2513 1246 2585 praeterea

188 2600 304 2665 iccirco
319 2601 468 2664 diffusius
489 2603 665 2678 texuimus,
682 2603 759 2686 quia
779 2590 1033 2665 divinae'virtuti
1053 2603 1244 2686 abbatisque

189 2701 390 2766 orationibus
423 2701 648 2766 ascribendum
683 2702 878 2787 putavimus,
916 2703 1005 2786 quod
1038 2725 1111 2766 cum
1146 2705 1245 2787 paulo

188 2814 264 2866 aute
286 2825 423 2887 regnum
447 2814 481 2868 et
509 2803 723 2868 sacerdotium
748 2812 807 2866 aut
835 2804 987 2866 adversus
1013 2825 1087 2866 eum
1113 2805 1245 2888 publice

187 2915 297 2983 staret,
319 2916 377 2970 aut
399 2905 491 2970 nullo
506 2905 640 2969 consilio
654 2905 706 2968 vel
722 2905 846 2969 auxilio
864 2926 923 2968 seu
941 2926 1037 2989 prece
1059 2927 1117 2968 seu
1137 2907 1245 2989 pretio

187 3007 250 3070 sibi
272 3008 407 3085 adesset,
428 3007 630 3092 inopinatum
651 3015 784 3091 repente
809 3005 963 3070 divinitus
986 3005 1169 3070 intercessit
1187 3030 1242 3092 pa·

186 3108 370 3184 trocinium,
401 3130 467 3190 quo
488 3108 590 3191 partis
612 3109 751 3170 adversae
774 3107 954 3170 deiceretur
977 3107 1016 3170 de
1046 3130 1111 3192 qua
1140 3110 1241 3174 eonfi-

187 3207 284 3272 debat
308 3218 461 3293 potestas,
485 3220 520 3272 et
548 3209 775 3272 advocatorum
803 3208 1055 3272 confunderetur
1084 3209 1243 3294 multipli-

187 3309 277 3373 citas.

231 3408 430 3474 Godefridus
456 3409 495 3472 de
516 3409 600 3472 Luci
622 3408 672 3472 his
692 3408 839 3493 cognitis,
867 3408 944 3471 licet
965 3428 1051 3491 aegre
1072 3410 1244 3495 accipiens,

185 3535 250 3576 uon
275 3521 383 3575 tamen
411 3535 430 3575 a
458 3511 561 3575 forma
584 3509 825 3596 compositionis
849 3509 972 3573 resilire
996 3510 1185 3593 praevalens,
1209 3514 1244 3576 in

183 3615 292 3678 reditu
320 3637 412 3678 suoa
434 3613 652 3676 transmarinis
681 3611 910 3676 monasterium
936 3610 1022 3673 Belli
1050 3611 1085 3675 in
1113 3615 1244 3698 propria

182 3739 318 3800 persona
347 3717 436 3794 adiit,
467 3715 702 3800 resignatisque
732 3714 882 3778 omnibus
910 3713 1136 3778 instrumentis
1164 3717 1241 3794 suis,

182 3827 300 3882 cartam
314 3817 565 3908 confirmationis
577 3817 754 3882 secundum
769 3815 905 3878 formam
920 3817 1126 3899 paescriptam
1142 3817 1202 3879 abl

184 3922 203 3961 s
335 3923 354 3960 a
486 3919 505 3959 s
638 3918 657 3957 s
788 3917 807 3956 s
939 3917 958 3956 s
1091 3917 1110 3956 s

434 4099 441 4127 ¹
462 4098 517 4150 The
530 4097 588 4153 MS.
601 4099 631 4164 is,
643 4096 844 4166 unfortunately,
855 4095 989 4150 defective.
