3240 5154
516 583 739 637 nonrsmnu
765 583 814 634 un
839 582 966 635 annno.
1209 561 1272 636 175

212 757 344 800 manum
363 734 533 811 habemus,
554 733 766 812 confirmavit,
786 743 825 798 ut
845 741 917 814 re'x,
937 739 980 798 ut
994 731 1090 797 fundi
1111 732 1272 808 dominus,

214 849 254 903 ut
272 838 460 903 monasterii
476 837 577 914 illius,
592 845 712 922 praeter
733 845 853 902 caetera
870 836 961 920 regni
979 835 1185 910 monasteria,
1202 855 1274 918 spe·

215 941 305 1006 cialis
332 951 499 1025 patronus.
545 939 617 1004 Nec
646 939 781 1023 quidem
810 938 1025 1023 incongruum
1049 937 1117 1001 fuit
1145 935 1275 1000 domino

216 1043 285 1128 regi
300 1043 340 1107 de
354 1042 507 1106 membris
522 1041 704 1126 disponere,
717 1041 770 1105 cui
785 1048 893 1104 totum
907 1061 1023 1125 corpus
1037 1049 1106 1103 erat
1120 1039 1155 1104 in
1169 1049 1276 1123 potes-

216 1145 314 1210 tate.’'
357 1145 405 1209 Et
428 1145 499 1208 haee
514 1144 635 1221 dicens,
659 1153 779 1207 cartam
802 1141 925 1207 domini
950 1142 1036 1226 regis
1060 1164 1157 1226 super
1178 1141 1276 1205 dona·

216 1249 303 1312 tione
317 1257 351 1312 et
371 1248 612 1311 confirmatione
638 1245 673 1310 in
692 1247 835 1310 medium
857 1245 1006 1331 protulit.
1051 1244 1098 1308 Et
1112 1244 1274 1308 adiciens:

217 1355 239 1386 “
255 1349 383 1428 Facta‚”
405 1349 524 1433 inquit,
549 1354 570 1385 “
581 1349 658 1434 jure
672 1358 864 1434 patronatus
880 1347 1069 1433 hujusmodi
1092 1347 1275 1423 donatione,

216 1452 265 1516 vir
278 1451 471 1516 venerabilis
491 1451 642 1515 dominus
662 1451 825 1516 Ricardus
843 1461 921 1514 tunc
938 1448 1179 1513 Cautueriensis
1195 1448 1277 1512 elec-

216 1565 281 1632 tus,
308 1555 476 1618 dominum
490 1575 599 1616 meum
618 1553 847 1629 Godefridum‚
870 1551 1062 1616 auctoritate
1077 1573 1143 1634 qua
1156 1550 1277 1636 potuit,

216 1657 259 1720 ad
298 1655 583 1740 praesentationem
620 1655 743 1718 domini
782 1654 868 1739 regis
903 1653 1081 1739 suscipiens
1107 1675 1278 1739 personam

217 1759 340 1842 absque
357 1757 445 1822 omni
467 1757 660 1842 exceptione
680 1757 837 1836 instituit,
865 1757 948 1820 datis
968 1757 1031 1819 sibi
1050 1755 1085 1820 in
1101 1756 1279 1820 testimonii

219 1861 459 1924 munimentum
482 1859 698 1924 institutionis
722 1883 791 1924 suae
813 1859 944 1936 litteris,
970 1858 1076 1943 sigillo
1096 1859 1185 1942 quod
1200 1867 1279 1923 tuno

219 1963 337 2027 habere
352 1963 522 2027 videbatur
537 1963 699 2048 opposito,
715 1963 794 2026 lieet
806 1963 952 2026 nondum
961 1961 996 2024 in
1008 1960 1106 2046 plena
1118 1970 1279 2045 potestate

222 2065 387 2129 videretur
398 2064 627 2130 constitutus.¹’
658 2064 896 2149 Proferensque
911 2065 946 2127 in
960 2064 1128 2149 publicum
1142 2063 1277 2141 litteras,

222 2173 243 2204 “
259 2168 345 2250 En,”
359 2167 480 2252 inquit,
503 2172 525 2204 “
541 2167 644 2252 ipsius
659 2168 755 2232 electi
770 2167 1003 2232 testimonium.
1049 2165 1167 2230 Sedem
1187 2189 1280 2252 apos·

224 2269 353 2334 tolicam
374 2271 581 2356 postmodum
604 2270 725 2349 adiens,
749 2271 862 2355 ibique
885 2293 905 2334 a
927 2269 1057 2334 domino
1077 2291 1163 2354 papa
1176 2269 1281 2332 solen-

221 2373 307 2436 niter
324 2373 539 2451 eonsecratns‚
565 2395 601 2437 ac
623 2373 699 2436 inde
721 2395 796 2436 cum
813 2372 909 2457 plena
928 2379 1088 2457 potestate
1109 2370 1282 2456 archiepis-

221 2475 307 2560 copi,
327 2475 475 2560 primatis
493 2487 527 2539 et
544 2474 644 2558 legati
659 2475 766 2538 denuo
780 2474 919 2552 rediens,
935 2475 1023 2558 quod
1037 2473 1160 2538 electus
1174 2473 1282 2538 minus

223 2587 321 2640 antea
348 2578 454 2641 facere
483 2588 623 2662 poterat,
645 2578 713 2662 jam
736 2577 944 2641 confirmatus
969 2577 1067 2662 plena
1091 2578 1282 2641 auctoritate

223 2679 425 2744 instituendo
446 2689 480 2742 et
504 2679 722 2743 confirmando
742 2677 936 2743 roboravit.'‘
979 2678 1026 2742 Et
1050 2678 1121 2742 haec
1136 2678 1282 2754 dicendo,

223 2791 344 2846 cartam
366 2781 599 2866 archiepiscopi
620 2781 692 2867 ipso
707 2780 806 2844 etiam
820 2780 1060 2866 archiepiscopo
1073 2789 1234 2865 prasente
1248 2781 1283 2844 in

224 2884 371 2948 omnium
385 2883 487 2948 oeulis
500 2883 652 2962 ostendit,
678 2883 726 2947 ita
748 2883 963 2948 subinferens.
1007 2882 1129 2947 “Cum
1150 2881 1283 2968 igitur‚'’

223 2987 344 3072 iuquit,
369 2987 508 3072 “hujus
528 2986 675 3052 ecclesiae
697 2987 737 3050 de
753 2985 813 3051 Wi
834 3009 900 3051 uon
925 2985 1185 3072 qualemcunque
1208 3008 1283 3070 por·

224 3090 347 3153 tionem
362 3089 418 3152 sed
440 3089 606 3152 ecclesiam
619 3099 722 3153 totam
737 3111 811 3153 eum
827 3089 915 3152 omni
925 3089 1011 3175 juris
1032 3089 1083 3152 sui
1097 3088 1283 3172 integritate

225 3190 375 3254 dominus
398 3212 490 3253 meus
506 3189 704 3254 Godefridus
719 3201 786 3254 tam
801 3191 976 3255 excellenti
991 3191 1184 3254 auctoritate
1199 3191 1284 3254 obti-

226 3292 346 3370 nuerit,
363 3290 512 3356 dominus
526 3293 622 3357 abbas
638 3301 673 3356 et
693 3291 896 3356 monachide
912 3291 1007 3355 Bello
1021 3292 1124 3376 ipsius
1140 3292 1283 3357 eeclesiae

227 3394 434 3458 medietatem
448 3405 559 3459 contra
579 3395 701 3480 regiam
723 3393 1000 3480 episcopalemque
1021 3394 1210 3478 digni-tatem
1229 3395 1284 3460 de-

228 3497 336 3561 tinent
352 3507 551 3582 occupatam.
596 3497 685 3584 Ergo
706 3497 884 3561 secundum
907 3496 1035 3582 plenam
1056 3496 1177 3561 domini
1200 3499 1284 3583 regis

226 3599 434 3664 donationem
449 3610 483 3664 et
498 3601 621 3665 domini
635 3599 867 3686 archiepiscopi
886 3599 1015 3685 plenam
1034 3599 1283 3679 institutionem,

226 3703 354 3788 plenam
376 3703 519 3789 petimus
541 3702 786 3790 possessionem,
810 3704 851 3767 ad
871 3705 1025 3789 majorem
1051 3703 1154 3790 parati
1168 3706 1284 3788 proba

227 3806 359 3883 tionem,
372 3805 399 3868 si
412 3805 498 3870 forte
509 3808 578 3891 jam
593 3807 680 3871 edita
690 3806 839 3872 videatur
853 3807 961 3870 minus
975 3807 1137 3870 sufficiens
1149 3831 1157 3884 3
1174 3807 1284 3870 abbati

187 3903 189 3910 ’
228 3902 263 3972 et
275 3907 448 3986 monachis,
458 3907 553 3992 plena
567 3909 766 3994 possessione
781 3919 940 3992 suscepta,
957 3907 984 3972 si
999 3908 1079 3992 quid
1095 3908 1285 3992 quaestionis

228 4009 397 4074 adversum
424 4033 484 4074 nos
508 4009 681 4075 habuerint
708 4009 904 4096 responsuri,
935 4019 969 4074 et
998 4009 1175 4074 secuudum
1200 4009 1284 4094 juris

228 4112 374 4176 ordinem
389 4110 614 4176 satisfacturi.”

273 4212 482 4299 stupefactus
513 4214 554 4277 ad
582 4213 653 4278 haec
683 4215 782 4278 abbas
814 4213 1002 4300 plurimum,
1033 4215 1140 4278 stabat
1168 4237 1285 4300 expers
1295 4237 1438 4330 ffissffi‘„

228 4315 361 4380 humani
376 4315 511 4394 consilii,
535 4317 673 4381 confisus
697 4326 804 4381 tamen
828 4317 867 4380 de
889 4316 1009 4381 divino.
1056 4316 1426 4403 Responsurustnnmge.

229 4419 271 4482 ad
295 4418 470 4505 proposita,
497 4441 571 4484 cum
586 4443 640 4484 eos
656 4441 737 4510 quos
752 4420 903 4484 credebat
917 4419 1046 4499 amicos,
1071 4429 1110 4484 ut
1123 4421 1164 4485 ad
1182 4421 1285 4486 consi·
