3278 5162
553 569 775 622 uoursmsn
798 569 849 622 ns
872 571 1000 624 asaro.
1257 561 1299 625 89

244 722 339 808 cujus
350 721 637 807 consanguinitatis
648 722 892 808 propinquitate
903 724 977 808 jure
986 720 1184 786 hereditario
1198 744 1254 787 vos
1269 723 1304 788 in

247 825 393 910 ejusdem
406 825 498 909 regni
507 825 587 889 solio
603 825 706 889 omnis
713 825 812 909 ‘regni
825 824 966 910 populus
980 846 1066 888 nunc
1078 847 1304 910 regnarecon-

247 927 379 1012 gaudet,
403 949 529 1010 nosque
545 927 690 1012 ejusdem
714 927 822 991 collati
843 925 992 995 beneficii
1012 927 1107 1006 dono,
1124 937 1158 990 ct
1181 949 1225 990 ex
1247 949 1304 1012 pa-

248 1038 379 1092 rentum
395 1038 578 1093 nostrorum
593 1028 803 1107 successione,
825 1027 1062 1113 possessionum
1077 1037 1112 1092 et
1122 1027 1306 1093 divitiarum

135 1193 137 1198 .
251 1131 376 1215 copiam
390 1130 600 1216 possidemus.
646 1129 808 1198 Quocirca
822 1130 962 1208 domine,
974 1153 1088 1215 regum
1103 1131 1307 1196 excellentis-

251 1232 340 1310 sime,
361 1232 465 1297 omnis
486 1231 556 1296 haec
577 1231 838 1296 Normannorum
853 1232 1012 1296 nobilium
1037 1232 1121 1297 votis
1146 1234 1308 1320 supplicat

250 1333 372 1398 intimis
388 1325 590 1412 coadunatio,
613 1333 766 1418 quatinus
785 1333 893 1398 locum
913 1333 1006 1398 illum
1020 1345 1059 1399 ut
1072 1335 1171 1399 vestri
1186 1346 1221 1400 et
1234 1358 1308 1400 nos-

249 1435 292 1500 tri
327 1436 455 1521 signum
482 1437 639 1522 triumphi
673 1436 709 1500 in
740 1435 873 1522 propria
904 1436 1064 1522 dignitate
1094 1448 1129 1502 et
1157 1437 1307 1502 libertate

250 1548 362 1602 contra
376 1561 487 1603 omnes
507 1539 570 1603 sibi
593 1539 808 1616 adversantes,
830 1547 864 1602 et
879 1561 977 1624 quam
997 1539 1138 1604 maxime
1154 1540 1307 1605 adversus

251 1638 434 1725 Anglorum
459 1641 613 1721 insidias,¹
637 1650 742 1705 vestra
766 1641 882 1726 regalis
907 1651 1058 1726 protegat
1084 1642 1247 1724 severitas,
1271 1653 1310 1707 ut

251 1742 361 1807 nullus
376 1743 482 1807 eidem
495 1743 632 1808 nocendi
649 1752 764 1829 pateat
782 1742 945 1808 introitus.

298 1845 365 1909 “Si
377 1843 509 1930 quidem
522 1843 638 1910 vestrae
648 1845 805 1932 placitum
814 1845 877 1910 hoc
888 1868 951 1910 non
967 1845 1069 1912 fuerit
1077 1845 1247 1925 voluntati,
1255 1871 1268 1934 J
1273 1871 1310 1912 u·

222 1986 226 1993 -
253 1947 331 2012 beat
345 1947 479 2012 fratrem
492 1971 613 2028 meum,
627 1949 692 2012 loci
706 1948 794 2012 illius
816 1949 976 2027 abbatem,
993 1949 1059 2013 illis
1073 1973 1204 2035 parcere
1219 1950 1309 2028 locis,
1407 2035 1409 2039 Ι

253 2058 353 2134 atque
362 2049 456 2113 amici
471 2050 604 2114 alterius
617 2050 723 2114 futuri
734 2049 846 2114 cedere
860 2049 942 2115 loco.
990 2050 1098 2116 Satius
1107 2053 1193 2115 enim
1208 2061 1258 2115 est
1272 2052 1311 2116 il·

254 2149 334 2229 lum,
350 2151 469 2216 amisso
483 2153 651 2237 pastoralis
667 2174 754 2216 curae
766 2151 884 2230 officio,
894 2152 1057 2238 privatum
1071 2153 1261 2216 monachum
1277 2163 1312 2216 et

254 2275 431 2338 pauperem
445 2253 544 2318 vitam
564 2255 665 2318 libere
681 2254 916 2333 transcurrisse,
933 2277 1031 2340 quam
1046 2254 1131 2318 celsa
1145 2255 1218 2318 sede
1233 2256 1312 2318 resi-

256 2354 396 2433 dentem,
419 2366 454 2420 et
477 2357 678 2440 quorundam
696 2355 871 2420 calliditate
885 2357 966 2443 jugo
981 2356 1128 2421 indebito
1149 2357 1313 2421 servitutis

256 2479 456 2541 oppressum,
474 2459 641 2523 libertates
662 2468 695 2522 et
710 2458 884 2544 dignitates
897 2459 1064 2544 praedictae
1080 2459 1225 2524 ecclesiae
1239 2460 1313 2524 hac-

257 2569 352 2623 tenus
375 2582 395 2622 a
417 2559 708 2645 praedecessoribus
729 2560 796 2624 suis
825 2560 1016 2625 intemerate
1039 2562 1313 2647 praedecessorum

256 2671 435 2725 vestrorum
455 2663 647 2726 auctoritate
669 2672 879 2741 conservatas,
900 2673 940 2726 ut
961 2663 1044 2747 signi
1067 2663 1167 2748 regiae
1186 2667 1313 2727 coronae‘

257 2775 373 2828 vestrae
385 2776 419 2830 et
435 2764 661 2851 adquisitionis
676 2785 755 2842 suae,
772 2764 875 2828 omnis
885 2763 1146 2828 Normannorum
1160 2764 1314 2828 nobilitas

258 2868 407 2955 ejusdem
422 2867 623 2953 temporibus
637 2867 749 2952 lugeat
757 2889 791 2931 se
803 2865 977 2931 amisisse.”
1022 2865 1085 2930 His
1097 2866 1202 2945 dictis,
1216 2889 1255 2930 eo
1264 2888 1314 2931 re·

258 2971 384 3036 sidente
399 2971 498 3034 abbas
513 2969 667 3048 surrexit,
684 2979 782 3054 atque
796 2967 846 3032 his
860 2967 967 3032 verbis
982 2968 1110 3033 locutus
1126 2979 1192 3034 est:
1211 2975 1233 3006 “
1245 2970 1313 3034 Do·
1325 2977 1455 3019 milbu-
1557 3036 1560 3040 .

258 3073 344 3136 mine
360 3072 416 3150 mi,
432 3073 516 3136 sicut
531 3072 690 3137 Ricardus
702 3071 802 3136 frater
816 3093 909 3134 meus
917 3069 971 3134 hic
985 3071 1112 3156 patenti
1125 3072 1250 3136 ratione
1265 3096 1315 3137 os-

258 3176 374 3253 tendit,
383 3175 447 3238 huc
453 3176 548 3261 jussu
555 3185 661 3239 vestro
670 3173 795 3238 adveni.
820 3172 857 3236 Si
867 3173 941 3257 quis
951 3173 1124 3258 quicquam
1136 3185 1316 3240 contrarios

137 3316 139 3322 1
258 3278 310 3341 vel
324 3287 436 3341 contra
450 3277 623 3362 dignitates
638 3286 673 3338 et
686 3274 854 3339 libertates
871 3275 1016 3338 ecclesiae
1040 3277 1079 3339 de
1096 3275 1191 3340 Bello
1215 3299 1316 3362 oppo-

258 3402 334 3443 nere
349 3378 499 3457 voluerit,
514 3388 620 3442 vestro
635 3376 770 3441 consilio
784 3377 878 3462 cujus
893 3376 1025 3440 ecclesia
1041 3376 1196 3463 praedicta
1215 3378 1317 3442 domi-

259 3482 332 3546 nica
344 3481 469 3567 capella
483 3489 544 3560 est,
566 3489 600 3544 et
617 3480 744 3564 signum
759 3500 886 3542 coronae
901 3489 1016 3545 vestrae
1042 3479 1153 3565 regiae,
1180 3480 1317 3566 objectis

259 3585 532 3671 respondebimus.
556 3582 790 3648 Verumtamen
801 3581 936 3665 dignum
947 3593 997 3646 est
1010 3590 1049 3646 ut
1059 3593 1156 3648 cartae
1171 3583 1316 3649 ecclesiae

260 3687 349 3750 illius
363 3710 383 3751 a
395 3686 498 3750 nobili
513 3709 588 3772 rege
599 3683 768 3748 Willelmo
782 3683 818 3747 in
830 3683 1040 3750 fundamento
1055 3685 1157 3772 ipsius
1172 3687 1315 3752 ecclesiae

260 3790 462 3876 conscriptae,
486 3801 520 3854 et
534 3812 553 3854 a
567 3786 803 3854 successoribus
817 3786 883 3851 suis
903 3796 937 3852 et
951 3811 970 3852 a
983 3789 1074 3854 vobis
1088 3790 1186 3854 etiam
1201 3790 1315 3854 confir-

301 3984 391 4038 'This
414 3985 437 4036 is
473 4000 489 4036 a
517 4002 595 4107 veppe
603 3982 763 4037 remarkable
815 3982 909 4053 King’s
922 4001 972 4052 ear,
984 3985 1036 4037 and
1053 3985 1148 4040 incline
1159 3985 1214 4039 him
1227 3994 1254 4039 to
1270 3987 1315 4041 the

261 4053 527 4178 {turstatt
542 4123 599 4176 aa
616 4070 765 4176 sust
813 4053 1315 4197 {stultitiustrustis

262 4195 363 4249 Becket
373 4211 425 4248 was
435 4193 521 4246 oneof
530 4193 574 4246 the
587 4202 667 4247 court.
703 4197 765 4263 Any
813 4191 858 4244 the
869 4210 955 4264 power
974 4193 1004 4246 of
1016 4194 1061 4247 the
1077 4195 1211 4266 hierarchy
1224 4195 1259 4267 by
1271 4215 1314 4267 ag·

263 4283 353 4319 means
374 4265 404 4317 of
419 4263 550 4333 attaching
571 4263 660 4316 odium
680 4271 707 4316 to
720 4262 765 4316 the
813 4263 963 4357 grandizing
980 4263 1024 4316 the
1037 4265 1136 4335 mouks,
1149 4285 1201 4320 was
1220 4277 1277 4338 part
1289 4269 1318 4320 ol

262 4335 383 4407 Bishops‚
393 4334 561 4388 asidontified
567 4333 629 4386 with
636 4333 680 4386 the
688 4350 765 4386 cause
814 4333 867 4388 this
881 4333 974 4405 Kings
986 4334 1080 4406 policy.

262 4407 291 4460 ol
300 4406 343 4460 the
353 4405 469 4478 English,
480 4423 531 4458 was
541 4422 599 4458 sure
608 4412 635 4458 to
649 4404 709 4475 gain
721 4403 765 4456 the
