3260 5172
346 556 383 616 18
639 569 809 619 rusrorus
835 545 1083 619 runonrroms

385 717 475 781 Inter
506 716 714 780 Heehelande
741 727 774 780 et
798 716 995 780 Bodeherste
1022 726 1072 780 est
1097 738 1162 779 una
1190 716 1294 793 wista,
1321 738 1394 780 cum

341 820 438 883 simili
453 841 550 904 opere
564 829 600 906 et
614 818 763 883 denariis.
966 805 972 816 ¹

381 921 423 984 In
445 921 612 986 Telleham
634 921 796 985 habentur
810 931 933 1006 septem
947 919 1060 996 wistae,
1077 942 1151 1003 quae
1178 919 1276 983 simili
1298 919 1394 982 modo

340 1033 378 1086 ut
419 1046 516 1108 supra
559 1023 667 1102 diotae,
712 1046 810 1108 opera
844 1022 950 1086 omnia
983 1021 1113 1086 facient.
1175 1020 1251 1084 Una
1286 1030 1395 1083 autem

340 1148 384 1188 ex
409 1125 460 1188 his
484 1135 533 1189 est
557 1125 659 1188 libera
682 1126 722 1188 ab
748 1125 799 1188 his
825 1123 988 1209 operibus,
1014 1123 1092 1208 quia
1115 1122 1394 1207 quotienscunque

339 1249 502 1312 possessor
531 1229 601 1312 ejus
630 1227 843 1290 summonitus
870 1225 981 1303 fuerit,
1013 1248 1086 1289 eum
1108 1247 1194 1309 equo
1222 1247 1292 1304 suo,
1322 1225 1395 1288 ubi-

341 1351 469 1412 eunque
502 1328 684 1413 injunctum
719 1329 780 1392 sibi
814 1327 926 1406 fuerit,
963 1349 1037 1392 oum
1070 1327 1226 1392 monacho
1247 1327 1298 1390 vel
1321 1349 1395 1390 cum

340 1429 451 1513 aliquo
478 1429 697 1514 qualicunque
720 1441 845 1515 perget.
901 1429 1056 1493 Similiter
1084 1449 1145 1514 pro
1171 1429 1232 1492 hoc
1264 1429 1394 1493 servitio

341 1532 381 1594 de
408 1532 539 1595 redditu
562 1532 766 1595 denariorum
788 1531 871 1595 liber
897 1542 955 1600 est.
1002 1531 1226 1596 Praebendam¹
1242 1531 1282 1594 de
1305 1531 1394 1595 curia

339 1656 425 1717 equo
451 1656 509 1696 suo
538 1633 608 1696 iens
629 1633 762 1697 habebit
787 1643 821 1696 et
843 1633 979 1696 rediens.
1027 1633 1184 1696 Similiter
1207 1633 1394 1696 eomedium

338 1734 472 1798 habebit
495 1745 529 1798 et
553 1735 638 1798 ferra
660 1736 702 1798 ad
727 1757 848 1819 equum
873 1757 977 1801 suum.
1024 1735 1124 1802 Quod
1147 1735 1173 1798 si
1194 1758 1296 1819 equus
1317 1759 1394 1800 suus

338 1835 372 1898 in
387 1836 439 1898 via
453 1847 599 1899 mortuus
613 1836 721 1915 fuerit,
737 1836 884 1900 monaehi
899 1838 1127 1901 restaurabunt
1141 1838 1184 1906 ei.

382 1937 422 2000 In
435 1936 484 2000 La
500 1937 598 2001 Stene
614 1948 663 2001 est
674 1961 739 2002 una
749 1940 850 2018 wista,
864 1962 938 2024 quae
955 1939 1100 2005 denarios
1111 1939 1264 2024 praefatos
1275 1941 1392 2017 reddit,

338 2048 372 2100 et
387 2061 484 2124 opera
498 2039 586 2106 facit.

382 2139 422 2203 In
438 2140 662 2204 Riohelherste
678 2152 754 2204 sunt
769 2142 1036 2226 quinquewistae,
1053 2164 1127 2226 quae
1137 2165 1235 2228 opera
1249 2154 1283 2207 et
1297 2144 1393 2207 dena·

336 2240 402 2304 rios
421 2241 595 2324 praedictos
610 2242 808 2326 persolvunt.

382 2342 423 2405 In
448 2341 633 2404 Puohehole
656 2352 705 2404 est
732 2365 797 2405 una
825 2343 925 2420 wista,
953 2343 1050 2406 simili
1074 2365 1169 2428 opere
1196 2354 1230 2406 et
1254 2343 1391 2406 denariis

337 2443 526 2528 supradietis
542 2452 699 2507 constans.

381 2543 420 2607 In
436 2545 545 2608 Beehe
571 2555 636 2610 tres
656 2546 757 2612 wistae
783 2558 869 2623 sunt,
896 2569 1057 2632 possessor
1099 2569 1234 2631 quarum
1267 2569 1392 2632 semper

337 2648 433 2712 debet
446 2670 504 2732 per
519 2647 689 2711 dimidium
704 2671 823 2712 annum
837 2650 871 2711 in
890 2659 1042 2735 promptu
1065 2650 1183 2712 habere
1210 2671 1330 2732 equum
1351 2650 1392 2712 ad

336 2750 616 2816 summonitionem
640 2751 776 2828 abbatis,
801 2751 898 2814 talem
923 2775 1020 2836 quem
1046 2753 1144 2814 abbas
1167 2761 1225 2814 aut
1250 2773 1334 2813 unus
1350 2773 1393 2812 ex

336 2852 498 2915 monachis
533 2851 599 2914 suis
633 2852 736 2934 possit
770 2853 946 2916 honorifice
988 2853 1145 2938 equitare,
1178 2864 1211 2916 et
1241 2853 1391 2937 quotiens

334 2975 462 3032 neeesse
478 2952 579 3015 fuerit
593 2952 655 3015 ibit
665 2976 743 3016 'oum
759 2977 844 3038 equo
866 2977 924 3018 suo
946 2977 1011 3038 quo
1033 2955 1062 3018 ei
1077 2956 1260 3044 injunctum
1280 2955 1390 3032 fuerit,

335 3053 473 3116 adferre
487 3063 521 3116 et
535 3053 639 3116 clavos
661 3064 758 3138 atque
775 3078 950 3140 expensam
965 3056 1089 3120 abbatis
1105 3068 1139 3120 et
1152 3056 1390 3120 monachorum.

336 3155 405 3218 Pro
421 3156 481 3219 hoe
498 3155 627 3246 servitio
642 3155 725 3219 liber
738 3158 801 3221 erit
819 3160 858 3223 de
877 3159 1006 3222 redditu
1019 3159 1232 3225 denariorum.
1292 3159 1339 3222 Et
1365 3159 1392 3221 si

334 3256 526 3340 praedictum
551 3257 717 3320 servitium
732 3281 797 3322 non
811 3260 937 3338 fecerit,
961 3261 1071 3324 decem
1086 3261 1205 3325 solidos
1225 3261 1392 3324 annuatim

334 3381 393 3442 pro
407 3359 544 3443 praefata
558 3369 643 3422 terra
653 3360 823 3443 persolvet.

379 3459 418 3522 ln
439 3459 631 3523 Dunintune
648 3470 712 3523 tres
726 3462 828 3524 wistae
848 3464 970 3547 jacent,
998 3485 1072 3546 quae
1087 3463 1233 3527 redditus
1247 3465 1392 3528 denario-

335 3583 418 3637 rum,
435 3570 468 3622 et
483 3582 579 3644 opera
595 3561 777 3643 supradicta
794 3565 990 3646 persolvunt.

380 3661 504 3724 Praeter
533 3661 602 3722 haec
634 3670 697 3724 tres
724 3663 837 3726 boscos
864 3664 960 3750 leuga
987 3666 1144 3746 includit3
1181 3667 1390 3732 Heehelande

336 3761 469 3840 scilieet,
496 3760 706 3840 Bodeherste,
734 3774 768 3827 et
799 3765 923 3844 Petlee,
960 3778 1176 3857 quartumque
1203 3770 1259 3853 qui
1286 3769 1392 3833 Duni-

334 3865 407 3928 ford
421 3874 562 3928 vocatur.

378 3965 456 4031 Tria
478 3966 575 4029 etiam
597 3967 739 4052 pomaria
765 3969 812 4031 ibi
828 3983 922 4047 sunt;
947 3994 1049 4034 unum
1078 3973 1267 4056 contiguum
1291 3973 1390 4037 euriae

333 4079 450 4154 aparte
462 4069 606 4146 australi,
618 4069 707 4133 aliud
715 4072 813 4155 juxta
825 4073 955 4135 domum
971 4096 1045 4156 quae
1055 4085 1186 4138 vocatur
1197 4076 1390 4160 Hospitalis

369 4202 376 4232 ¹
393 4201 543 4269 Praebenda,
565 4202 724 4268 allowanoe3
743 4221 831 4256 oonre-
888 4206 963 4259 shoes
985 4207 1036 4259 and
1056 4207 1131 4260 nsils.
1169 4208 1244 4279 They
1256 4225 1298 4261 oro
1318 4225 1389 4272 more

332 4269 411 4337 dium,
426 4271 632 4325 entertainment.
671 4274 758 4340 Ferro,
771 4273 831 4326 here
888 4275 950 4328 than
964 4295 1027 4330 once
1040 4278 1188 4331 mentioned
1206 4279 1232 4330 in
1246 4279 1290 4330 the
1303 4278 1351 4330 roll
1364 4278 1394 4330 of

331 4339 428 4410 spoken
449 4339 482 4407 of,
500 4340 550 4392 snd
574 4341 666 4409 elavos,
691 4343 832 4395 somewhat
888 4362 1016 4416 expenses
1029 4347 1058 4398 of
1067 4347 1111 4399 the
1120 4348 1209 4400 Abbot
1219 4348 1248 4400 of
1256 4347 1388 4417 Whalley.

330 4407 447 4478 below,I
468 4427 579 4480 suppose
598 4419 626 4462 to
647 4428 723 4463 meon
745 4411 832 4464 horse·
889 4413 937 4494 Spe
951 4415 1112 4470 Whitaker’s
1124 4417 1258 4487 Whalley,
1271 4435 1296 4487 p.
1310 4421 1353 4470 92.
