3240 5154
350 567 416 644 176
629 583 799 648 wrcen
824 571 1080 636 ruronrronm

349 735 432 800 lium
453 757 549 800 suum
568 735 716 802 venirent
735 737 876 821 benigne
896 747 1036 821 rogaret,
1056 757 1170 800 omnes
1182 757 1218 798 se
1230 736 1328 801 modo
1342 759 1412 822 qno

348 838 541 924 pradictum
565 851 614 902 est
634 851 883 917 excusaverunt,
908 839 991 902 adeo
1012 850 1051 902 ut
1073 861 1134 902 nee
1154 861 1239 902 unus
1264 841 1411 904 omnium

347 941 408 1025 qni
421 941 555 1005 aderaut
568 951 688 1026 praeter
702 964 778 1006 suos
792 943 851 1026 qui
871 963 981 1005 secum
998 941 1057 1004 illo
1070 951 1224 1006 venerant
1237 943 1410 1007 consilium

349 1043 411 1107 nbi
440 1043 490 1108 vel
520 1043 684 1108 auxilinm
711 1045 918 1128 pariturus
939 1043 1142 1128 procederet.
1186 1043 1294 1108 Nemo
1318 1046 1409 1109 enirn

348 1145 496 1210 omnium
508 1145 625 1210 timore
639 1146 763 1210 domiui
777 1146 864 1230 regis
878 1155 913 1210 et
926 1145 1159 1230 archiepiscopi
1170 1157 1204 1210 et
1218 1146 1353 1210 Ricardi
1365 1149 1409 1211 de

348 1246 432 1314 Luci
445 1269 556 1312 secum
570 1259 655 1312 stare
668 1247 888 1332 praesumpsit,
902 1247 1034 1331 cognito
1048 1247 1138 1332 quod
1151 1269 1207 1310 eos
1221 1271 1316 1312 causa
1329 1271 1408 1312 con-

347 1349 500 1434 tingeret.
544 1349 670 1414 Aderat
688 1349 756 1413 illic
775 1349 862 1412 inter
874 1360 1010 1412 ceteros
1022 1349 1176 1433 magister
1189 1349 1407 1415 walerannus

347 1449 534 1516 Baiocensis
548 1451 801 1528 archidiaconus,
817 1451 1023 1535 postmodum
1038 1449 1201 1514 Roll'ensis
1210 1452 1405 1537 episcopus,¹

164 1573 165 1580 ¹
345 1555 405 1639 qui
432 1565 511 1618 tnnc
536 1553 690 1638 temporis
710 1551 936 1616 cantuariensi
958 1551 1200 1637 archiepiscopo
1225 1554 1404 1631 adhaerens,

178 1664 327 1758 zm,
345 1655 413 1722 illic
436 1654 630 1722 collateralis
651 1655 797 1739 magistri
813 1653 952 1718 Gerardi
967 1653 1094 1717 Puellae
1117 1655 1290 1720 residebat.
1335 1656 1406 1720 Hic

179 1747 303 1858 w·
344 1759 496 1824 abbatem
519 1757 651 1822 intuens
676 1756 712 1819 in
737 1756 897 1840 angustiis
920 1756 1077 1840 positum,
1101 1768 1135 1820 et
1156 1757 1267 1821 divino
1280 1770 1319 1821 ut
1333 1781 1405 1822 cre-

178 1873 234 1918 m
344 1861 434 1926 ditm
461 1859 621 1926 instinctu
647 1857 770 1944 pietate
798 1870 918 1936 motus,
944 1880 1116 1923 conversus
1145 1860 1187 1923 ad
1210 1861 1402 1944 magistrum

343 1962 549 2028 Gerardum:
570 1965 595 2000 “
605 1959 796 2046 Magister?
807 1961 929 2044 inquit,
945 1964 968 1996 “
981 1961 1140 2038 Gerarde‚
1156 1962 1202 2025 sic
1216 1985 1328 2027 omnes
1342 1964 1403 2028 ab·

340 2066 451 2132 batem
465 2065 505 2130 de
521 2063 616 2130 Bello
630 2063 813 2128 desolatum
831 2062 1081 2146 relinquemus?
1124 2063 1190 2127 Dei
1213 2065 1325 2130 odium
1347 2066 1400 2130 in-

339 2179 459 2246 currat,
480 2167 538 2252 qui
562 2166 594 2230 ei
610 2166 646 2230 in
665 2165 726 2230 hac
744 2165 936 2230 necessitate
958 2165 1095 2230 deerit.”
1139 2165 1350 2253 Surgensque
1364 2179 1400 2232 et

339 2271 530 2354 magistrum
553 2268 738 2334 Gerardnm
759 2268 862 2332 amica
882 2267 1039 2332 violentia
1057 2290 1158 2331 manu
1177 2269 1299 2355 injecta
1322 2283 1401 2354 post

337 2395 372 2437 se
387 2372 528 2449 trahens,
552 2374 573 2406 “
589 2369 743 2447 Eamus,”
758 2369 880 2453 inquit,
896 2373 918 2405 ‘⁴
934 2380 969 2432 et
982 2370 1109 2434 abbatis
1123 2371 1309 2436 assistentes
1319 2395 1399 2437 con-

336 2473 423 2552 silio,
453 2473 485 2536 ei
513 2472 549 2536 in
577 2493 675 2536 causa
700 2493 759 2536 sua
787 2471 1048 2536 subveniamus?
1100 2471 1321 2538 Venientibus
1351 2497 1396 2538 ex

334 2577 499 2664 insperato
520 2573 679 2640 ambobus
699 2573 741 2638 ad
762 2573 889 2640 abbatis
910 2573 1093 2653 consilium,
1115 2575 1215 2639 abbas
1233 2578 1303 2661 jam
1325 2588 1397 2642 erat

334 2677 560 2765 animaequior,
576 2687 611 2742 et
624 2677 665 2740 de
680 2699 776 2741 causa
790 2687 850 2741 s'ua
859 2677 1013 2740 securior.
1059 2677 1137 2740 Non
1146 2678 1203 2741 diu
1217 2689 1394 2762 protracto,

334 2784 392 2849 sed
419 2790 581 2846 maturato
612 2780 834 2865 expediteque
862 2778 1008 2856 oonsilio,
1040 2779 1179 2844 redeunt
1206 2781 1329 2865 pariter
1352 2781 1395 2846 ad

329 2885 480 2971 judicum
487 2901 684 2959 consessum,
696 2881 755 2946 ubi
767 2881 1105 2964 magisterGerardus,
1112 2893 1228 2965 agente
1237 2883 1393 2967 magistro

333 2986 542 3062 waleranno,
565 2983 664 3047 immo
687 2981 761 3046 Deo
787 2982 992 3066 disponente,
1017 2984 1196 3068 procedens
1217 2984 1251 3048 in
1271 2985 1392 3070 spiritu

332 3085 547 3164 fortitudinia,
561 3106 627 3149 non
638 3106 748 3169 regern
763 3084 897 3161 veritus,
912 3107 980 3149 non
994 3086 1273 3171 archiepiscopum
1287 3087 1392 3152 domi-

332 3211 411 3256 uum
426 3209 532 3268 suum,
555 3209 621 3252 non
642 3185 816 3272 principes,
839 3209 906 3250 uon
922 3188 1089 3270 quoslibet
1103 3211 1216 3252 eorum
1231 3188 1389 3267 fautores,

330 3289 432 3357 libera
446 3313 523 3356 voce
545 3289 649 3376 coepit
670 3289 706 3352 in
730 3288 817 3353 hune
840 3291 974 3354 modum
997 3313 1058 3375 pro
1083 3291 1201 3355 abbate
1227 3291 1388 3377 allegare:

168 3403 294 3447 ⁰⁶¹⁸*th
332 3398 354 3430 “
370 3393 464 3460 Sient
495 3391 564 3471 ea,”
586 3391 706 3476 inquit,
730 3395 753 3428 “
769 3401 852 3476 quae'
872 3391 1025 3456 canonice
1054 3404 1133 3457 sunt
1160 3393 1322 3472 inchoata,
1349 3406 1389 3459 ut

166 3459 312 3554 idil'llill.
332 3494 564 3582 perlectionem
592 3493 763 3558 obtineant
785 3504 862 3558 sunt
883 3494 1112 3579 promovenda,
1139 3495 1185 3559 sie
1210 3519 1284 3580 quae
1312 3519 1388 3560 con-

330 3607 380 3662 tra
399 3595 483 3682 juris
512 3595 659 3660 ordinem
684 3617 854 3680 perperam
879 3606 956 3660 sunt
977 3607 1180 3682 attemptata,
1200 3597 1236 3661 in
1256 3599 1388 3662 irritum

328 3709 404 3764 sunt
435 3697 621 3774 revocanda,
649 3696 766 3760 autin
791 3707 913 3760 statum
938 3697 1104 3762 meliorem
1119 3699 1386 3766 transformanda.

328 3799 518 3886 Allegatum
538 3807 618 3864 esta
631 3807 724 3885 parte
739 3797 881 3876 adversa,
904 3799 992 3882 quod
1007 3801 1202 3865 monasterio
1217 3801 1304 3865 Belli
1313 3825 1386 3886 pas-

328 3913 397 3969 tore
412 3903 537 3981 orbato,
560 3900 662 3966 totius
686 3899 872 3964 monasterii
898 3900 1068 3986 dispositio
1083 3902 1118 3965 in
1132 3925 1246 3968 manus
1262 3903 1385 3968 domini

327 4006 411 4093 regis
441 4003 616 4083 devenerit,
643 4013 810 4068 vacantem
836 4002 970 4068 interim
999 4004 1166 4070 ecclesiam
1196 4007 1237 4071 de
1260 4006 1319 4072 Wi
1348 4007 1383 4070 in

361 4221 368 4256 ¹
389 4221 431 4276 lle
444 4239 495 4276 was
516 4219 642 4274 domestic
663 4218 781 4290 chaplain
800 4218 830 4271 of
877 4218 1067 4275 disinterested.
1104 4224 1145 4274 He
1166 4240 1219 4275 was
1238 4223 1337 4276 elected
1354 4233 1381 4275 to

325 4290 437 4346 Richard
448 4290 610 4361 Arcbbishop
618 4289 648 4343 ol
657 4289 826 4370 Canterburp,
877 4289 1019 4343 Rochester
1040 4291 1067 4344 in
1094 4295 1170 4359 1182,
1192 4293 1243 4346 and
1267 4293 1327 4345 died
1354 4294 1381 4346 in

325 4361 409 4416 which
422 4361 510 4415 males
522 4361 563 4414 his
582 4360 710 4430 advocacy
722 4377 756 4412 on
774 4359 826 4412 thie
879 4363 955 4414 1184.
991 4361 1040 4413 See
1062 4361 1214 4415 Wharton's
1235 4364 1305 4433 Aug.
1322 4363 1383 4420 Sao.

324 4430 442 4489 oceanea
466 4431 510 4486 tho
533 4447 604 4486 more
627 4447 752 4500 genereus
776 4429 826 4484 and
878 4447 895 4484 1.
909 4433 979 4496 346;
997 4431 1116 4500 Godwin,
1129 4450 1155 4504 p.
1169 4435 1229 4486 623.
