3278 5162
568 557 792 615 Mouns‘rnnn
818 561 866 611 DE
891 559 1018 610 BELLO·
1284 543 1323 607 91

268 709 401 774 alteram
424 709 640 777 materialem.¹
693 710 879 796 Spiritualis
903 709 960 773 illa
986 717 1045 788 est,
1072 707 1111 772 de
1127 726 1193 792 qua
1214 705 1328 771 Domi-

269 832 332 876 nus
364 821 474 874 noster
506 811 624 877 Jhesus
655 812 802 878 Christus
830 813 866 874 in
900 811 1004 896 primo
1040 819 1168 896 pastore
1205 819 1328 889 nostro,

265 913 370 977 ‘Petro
400 913 524 978 scilicet
548 915 705 1000 apostolo,
736 915 887 980 omnibus
916 913 1081 999 discipulis
1110 912 1177 976 suis
1202 935 1330 976 eorum-

271 1037 336 1099 que
356 1017 593 1081 successoribus
611 1017 834 1103 pronuntiavit
852 1017 971 1095 dicens,
996 1015 1066 1080 ‘Tu
1090 1037 1123 1078 es
1144 1014 1272 1094 Petrus,
1296 1025 1330 1079 et

273 1138 370 1201 super
392 1117 474 1182 hane
498 1128 625 1202 petram
653 1118 820 1182 aedificabo
844 1117 1010 1182 eeclesiam
1038 1116 1165 1182 meam?
1221 1115 1329 1193 Unde,

272 1227 312 1282 ut
336 1218 450 1283 caritas
475 1230 590 1284 vestra.
604 1221 705 1300 novit,
721 1221 761 1285 ab
786 1220 933 1305 ejusdem
954 1217 1109 1303 temporis
1129 1217 1273 1284 novitate
1294 1219 1331 1282 in

273 1319 407 1385 ecclesia
435 1321 499 1385 Dei
528 1345 598 1386 mos
627 1322 773 1400 inolevit,
816 1321 971 1406 quatinus
1007 1331 1151 1405 pastores
1186 1321 1331 1386 ecclesiae

273 1433 402 1500 sanctae,
419 1425 564 1508 ejusdem
581 1425 670 1489 beati
697 1425 917 1510 apostolorum
938 1422 1095 1508 principis
1111 1422 1203 1486 Petri
1216 1423 1329 1488 vicarii

273 1524 461 1605 existentes,
478 1525 621 1590 ecclesiae
636 1526 702 1591 Dei
728 1534 847 1590 sanctae
871 1525 970 1608 digna
991 1523 1227 1606 gubernatione
1245 1545 1331 1610 prae-

273 1626 426 1691 siderent.
471 1627 560 1692 Hinc
580 1629 675 1692 nobis
701 1627 845 1691 ecelesiae
861 1626 925 1690 Dei
944 1624 1197 1710 praesidentibus
1218 1625 1254 1690 in
1267 1626 1332 1691 illis

273 1728 377 1792 beatis
406 1730 559 1814 apostolis
591 1753 610 1794 a
636 1729 778 1794 Domino
809 1729 911 1793 Jhesu
950 1727 1079 1794 Christo
1115 1727 1238 1792 dictum
1271 1738 1330 1808 est,

275 1830 366 1898 ‘Qui
379 1854 436 1896 vos
451 1832 553 1909 audit,
569 1855 621 1896 me
636 1831 749 1897 audit’
794 1830 882 1896 Hinc
898 1831 1019 1899 etenim
1034 1829 1168 1894 ecclesia
1184 1829 1331 1894 Romana
1448 1821 1452 1828 ’

275 1933 420 2018 ejusdem
434 1934 652 2018 apostolorum
665 1933 822 2019 principis
836 1933 1019 2018 apostolatu
1033 1933 1196 2016 insignita,
1208 1943 1332 1996 tantam

274 2043 406 2118 tamque
419 2036 620 2120 magnificam
634 2059 693 2121 per
710 2036 813 2100 totius
832 2035 946 2100 mundi
967 2034 1172 2106 latitudinem
1188 2035 1333 2121 optinuit

274 2137 476 2223 principatus
491 2139 693 2222 dignitatem,
710 2147 748 2202 ut
762 2138 872 2202 nullus
892 2137 1072 2222 episeopus,
1085 2137 1177 2201 nulla
1196 2161 1333 2222 persona

278 2239 493 2304 ecelesiastica
515 2242 637 2326 absque
661 2242 731 2326 ejus
759 2240 960 2326 judiciovel
983 2240 1193 2326 permissione
1216 2262 1235 2302 a
1256 2241 1331 2307 sede

276 2341 492 2434 ecclesiastica
505 2343 624 2428 deponi
638 2343 771 2428 possit.”

318 2444 375 2537 Ad
387 2445 458 2510 haec
472 2467 533 2512 rex
547 2445 706 2530 protensis
725 2444 885 2524 manibus,
908 2443 1155 2509 “Verissimum
1179 2444 1259 2524 est,”
1274 2445 1331 2523 ait,

276 2547 500 2638 “episcopum
522 2570 588 2611 non
615 2569 707 2632 posse
731 2547 859 2632 deponi,
884 2548 941 2610 sed
965 2547 1022 2624 ita,
1048 2547 1196 2612 manibus
1219 2547 1333 2632 pulsus

277 2639 447 2732 protensis,
474 2649 597 2734 poterit
621 2648 774 2733 expelli.'‘
819 2647 1051 2713 Arridentibus
1070 2649 1239 2726 universis,
1265 2649 1334 2733 epi·

277 2772 394 2836 scopus
420 2751 539 2816 iterum
564 2751 609 2816 sic
633 2751 752 2836 coepit:
790 2754 811 2786 “
825 2751 918 2814 Sicut
939 2751 1007 2836 jam
1033 2749 1104 2814 dixi
1126 2749 1246 2814 iterum
1266 2753 1334 2836 jam

276 2853 359 2932 dice,
385 2853 446 2918 hoe
472 2855 569 2918 modo
589 2863 710 2919 statum
735 2853 878 2918 ecclesiae
901 2855 941 2918 ab
968 2852 1111 2937 antiquis
1135 2852 1334 2938 temporibus

276 2958 491 3022 constitutum
513 2957 623 3022 fuisse.
683 2957 802 3043 Neque
828 2957 889 3020 ulli
912 2975 1058 3040 personae
1087 2955 1204 3032 laicali,
1234 2955 1333 3019 immo

276 3059 374 3124 etiam
398 3082 458 3123 nec
483 3060 552 3143 regi
578 3059 741 3144 cuiquam,
772 3059 915 3126 ecclesiis
941 3058 1136 3143 quibusque,
1160 3058 1334 3141 dignitates
1356 3119 1359 3126 .

276 3161 329 3225 vel
352 3161 520 3228 libertates
545 3161 774 3225 ecclesiasticas
798 3162 873 3225 dare
902 3160 990 3240 licet,
1014 3161 1067 3224 vel
1089 3161 1129 3224 ab
1150 3159 1266 3223 iisdem
1286 3170 1335 3224 at·

278 3263 417 3326 tributas
435 3263 572 3339 easdem,
594 3261 658 3325 nisi
678 3263 825 3346 ejusdem
839 3261 940 3346 patris
961 3260 1171 3347 permissione
1193 3261 1245 3323 vel
1260 3283 1335 3326 eon-

276 3365 458 3430 firmatione
478 3374 562 3428 ratas
582 3364 652 3429 fore
673 3387 739 3429 non
758 3386 852 3449 posse
865 3365 938 3450 jure
958 3363 1107 3428 Romano
1122 3362 1336 3428 ecelesiastica

278 3470 395 3554 probat
409 3467 613 3532 auctoritas.”
1348 3517 1464 3569 Min,

323 3571 415 3637 Tunc
429 3593 490 3635 rex
505 3570 553 3634 ira
567 3570 771 3646 commotus,e
787 3572 841 3633 “.
881 3614 890 3632 .
929 3614 937 3632 .
977 3614 985 3632 .
1015 3576 1126 3632 contra
1140 3566 1334 3652 dignitatum
1346 3568 1489 3670 ffiffi,

312 3720 408 3772 ¹Here
425 3737 465 3772 we
483 3729 552 3772 trace
582 3717 627 3770 the
653 3717 779 3788 language
834 3716 953 3771 Norman
971 3717 1040 3787 oath,
1058 3719 1096 3772 for
1109 3719 1154 3772 the
1168 3737 1242 3772 sense
1255 3719 1285 3772 of
1289 3719 1334 3772 the

278 3789 329 3843 and
352 3791 505 3870 sentimenta
524 3788 554 3840 of
577 3805 625 3841 one
643 3787 701 3841 who
728 3787 780 3840 had
832 3805 939 3910 passage
951 3788 974 3841 is
986 3789 1113 3860 complete
1126 3792 1182 3870 (see
1194 3789 1293 3842 Gimld.
1302 3789 1334 3842 de

278 3859 344 3912 been
357 3877 372 3911 a
384 3868 500 3912 eanonrst
513 3866 539 3910 at
552 3859 646 3912 Rome.
849 3862 1071 3928 nstruct.p.169);
1081 3859 1170 3925 and,1n
1178 3859 1222 3911 the
1230 3859 1334 3927 second,

313 3929 324 3961 ²
342 3928 443 3980 Several
460 3927 550 3994 words,
567 3927 631 3980 both
650 3927 711 3980 here
729 3927 780 3980 and
833 3928 905 3980 there
925 3945 978 3980 was
1002 3946 1074 3980 some
1098 3928 1265 3998 compliment
1289 3929 1334 3981 ad·
1415 3947 1417 3951 ’

280 3997 371 4064 below,
392 3998 457 4050 have
478 3997 543 4050 been
564 4005 634 4050 most
654 3997 780 4066 earefully
834 3997 939 4050 dressed
947 4006 975 4050 to
987 3997 1032 4049 the
1044 3997 1125 4050 Bisho
1151 3997 1334 4068 bytheChan-

280 4067 369 4120 erased
387 4067 453 4120 froin
473 4067 518 4119 the
538 4067 596 4120 MS.
631 4067 665 4119 So
685 4067 782 4137 utterly
834 4067 921 4120 cellor.
962 4065 1052 4119 Either
1074 4016 1159 4120 would
1179 4067 1212 4120 be
1232 4069 1335 4140 equally

280 4137 405 4190 senseless
427 4155 469 4190 are
493 4136 566 4189 these
584 4154 707 4203 erasures,
727 4136 782 4190 that
834 4137 956 4189 offensive
973 4146 1000 4189 to
1019 4137 1171 4206 puritanieal
1191 4146 1267 4193 taste.
1303 4139 1335 4191 In

281 4208 294 4261 Ι
312 4217 405 4262 cannot
420 4207 481 4278 help
496 4206 617 4277 thinking
635 4206 698 4275 they
716 4206 782 4258 have
835 4206 1012 4258 confirmation
1026 4205 1055 4258 of
1065 4207 1116 4260 this
1128 4208 1141 4260 I
1153 4225 1215 4279 may
1222 4208 1335 4278 observa,
1348 4263 1351 4270 ,

297 4277 421 4331 roceeded
444 4277 510 4330 from
534 4295 606 4330 some
629 4275 782 4346 puritanical
834 4275 891 4328 that
904 4276 948 4328 the
977 4276 1047 4330 word
1070 4277 1144 4348 Papa
1162 4278 1185 4333 is
1204 4279 1336 4350 generally
1359 4333 1362 4344 ,

279 4296 357 4402 liand.
370 4346 507 4419 Probably,
516 4347 544 4400 in
553 4345 781 4416 theformerplaee,
835 4345 959 4418 carefully
971 4347 1070 4401 blotted
1083 4356 1138 4404 out.

281 4419 325 4472 the
353 4418 423 4488 King
446 4418 498 4472 had
530 4417 593 4472 used
618 4435 689 4471 some
710 4434 782 4486 gross
