<?xml version="1.0" encoding="UTF-8"?>
<!DOCTYPE html PUBLIC "-//W3C//DTD XHTML 1.0 Transitional//EN"
    "http://www.w3.org/TR/xhtml1/DTD/xhtml1-transitional.dtd">
<html xmlns="http://www.w3.org/1999/xhtml" xml:lang="en" lang="en">
 <head>
  <title>
</title>
<meta http-equiv="Content-Type" content="text/html;charset=utf-8" />
  <meta name='ocr-system' content='tesseract 3.04.00' />
  <meta name='ocr-capabilities' content='ocr_page ocr_carea ocr_par ocr_line ocrx_word'/>
</head>
<body>
  <div class='ocr_page' id='page_1' title='image "./chroniconmonast01abbegoog_0073.png"; bbox 0 0 3260 5172; ppageno 0'>
   <div class='ocr_carea' id='block_1_1' title="bbox 2 3271 5 3350">
    <p class='ocr_par' dir='ltr' id='par_1_1' title="bbox 2 3271 5 3380">
     <span class='ocr_line' id='line_1_1' title="bbox 2 3271 5 3350; baseline 0 30"><span class='ocrx_word' id='word_1_1' title='bbox 2 3271 5 3350; x_wconf 74' lang='lat' dir='ltr'><strong>l</strong></span> 
     </span>
    </p>
   </div>
   <div class='ocr_carea' id='block_1_2' title="bbox 523 574 1273 639">
    <p class='ocr_par' dir='ltr' id='par_1_2' title="bbox 523 574 1273 639">
     <span class='ocr_line' id='line_1_2' title="bbox 523 574 1273 639; baseline -0.004 0"><span class='ocrx_word' id='word_1_2' title='bbox 523 585 743 639; x_wconf 78' lang='lat' dir='ltr'><strong>uonnsrnnn</strong></span> <span class='ocrx_word' id='word_1_3' title='bbox 769 586 818 635; x_wconf 81' lang='lat' dir='ltr'><strong>nn</strong></span> <span class='ocrx_word' id='word_1_4' title='bbox 843 585 970 637; x_wconf 79' lang='lat' dir='ltr'><strong>nanno.</strong></span> <span class='ocrx_word' id='word_1_5' title='bbox 1232 574 1273 636; x_wconf 78' lang='lat'><strong>29</strong></span> 
     </span>
    </p>
   </div>
   <div class='ocr_carea' id='block_1_3' title="bbox 209 738 1420 3954">
    <p class='ocr_par' dir='ltr' id='par_1_3' title="bbox 219 738 1281 1131">
     <span class='ocr_line' id='line_1_3' title="bbox 219 738 1279 823; baseline -0.002 -20"><span class='ocrx_word' id='word_1_6' title='bbox 219 763 290 804; x_wconf 91' lang='lat' dir='ltr'><strong>meo</strong></span> <span class='ocrx_word' id='word_1_7' title='bbox 316 741 439 820; x_wconf 88' lang='lat' dir='ltr'><strong>aufero,</strong></span> <span class='ocrx_word' id='word_1_8' title='bbox 456 752 490 805; x_wconf 92' lang='lat' dir='ltr'><strong>et</strong></span> <span class='ocrx_word' id='word_1_9' title='bbox 510 740 626 803; x_wconf 86' lang='lat' dir='ltr'><strong>animae</strong></span> <span class='ocrx_word' id='word_1_10' title='bbox 641 758 721 801; x_wconf 88' lang='lat' dir='ltr'><strong>meae</strong></span> <span class='ocrx_word' id='word_1_11' title='bbox 737 738 876 801; x_wconf 87' lang='lat' dir='ltr'><strong>confero.</strong></span> <span class='ocrx_word' id='word_1_12' title='bbox 922 738 999 805; x_wconf 86' lang='lat' dir='ltr'><strong>Qua</strong></span> <span class='ocrx_word' id='word_1_13' title='bbox 1013 739 1052 801; x_wconf 90' lang='lat' dir='ltr'><strong>de</strong></span> <span class='ocrx_word' id='word_1_14' title='bbox 1070 740 1136 817; x_wconf 87' lang='lat' dir='ltr'><strong>re,”</strong></span> <span class='ocrx_word' id='word_1_15' title='bbox 1159 738 1279 823; x_wconf 91' lang='lat' dir='ltr'><strong>inquit,</strong></span> 
     </span>
     <span class='ocr_line' id='line_1_4' title="bbox 223 840 1281 928; baseline -0.004 -22"><span class='ocrx_word' id='word_1_16' title='bbox 223 843 281 906; x_wconf 93' lang='lat' dir='ltr'><strong>“si</strong></span> <span class='ocrx_word' id='word_1_17' title='bbox 293 865 409 928; x_wconf 89' lang='lat' dir='ltr'><strong>corpus</strong></span> <span class='ocrx_word' id='word_1_18' title='bbox 422 843 507 907; x_wconf 94' lang='lat' dir='ltr'><strong>illud</strong></span> <span class='ocrx_word' id='word_1_19' title='bbox 520 841 624 904; x_wconf 90' lang='lat' dir='ltr'><strong>libere</strong></span> <span class='ocrx_word' id='word_1_20' title='bbox 646 844 690 902; x_wconf 79' lang='lat' dir='ltr'><strong>et&#39;</strong></span> <span class='ocrx_word' id='word_1_21' title='bbox 705 840 816 924; x_wconf 86' lang='lat' dir='ltr'><strong>quiete</strong></span> <span class='ocrx_word' id='word_1_22' title='bbox 840 849 950 903; x_wconf 88' lang='lat' dir='ltr'><strong>tenere</strong></span> <span class='ocrx_word' id='word_1_23' title='bbox 973 841 1154 924; x_wconf 77' lang='lat' dir='ltr'><strong>praevaluit,</strong></span> <span class='ocrx_word' id='word_1_24' title='bbox 1176 841 1281 903; x_wconf 93' lang='lat' dir='ltr'><strong>multo</strong></span> 
     </span>
     <span class='ocr_line' id='line_1_5' title="bbox 222 941 1279 1028; baseline 0 -22"><span class='ocrx_word' id='word_1_25' title='bbox 222 944 351 1028; x_wconf 89' lang='lat' dir='ltr'><strong>dignius</strong></span> <span class='ocrx_word' id='word_1_26' title='bbox 366 956 426 1022; x_wconf 90' lang='lat' dir='ltr'><strong>est,</strong></span> <span class='ocrx_word' id='word_1_27' title='bbox 442 955 482 1007; x_wconf 92' lang='lat' dir='ltr'><strong>ut</strong></span> <span class='ocrx_word' id='word_1_28' title='bbox 496 943 613 1017; x_wconf 89' lang='lat' dir='ltr'><strong>anima,</strong></span> <span class='ocrx_word' id='word_1_29' title='bbox 630 962 705 1026; x_wconf 84' lang='lat' dir='ltr'><strong>quae</strong></span> <span class='ocrx_word' id='word_1_30' title='bbox 720 941 834 1005; x_wconf 90' lang='lat' dir='ltr'><strong>melior</strong></span> <span class='ocrx_word' id='word_1_31' title='bbox 848 963 921 1026; x_wconf 86' lang='lat' dir='ltr'><strong>pars</strong></span> <span class='ocrx_word' id='word_1_32' title='bbox 938 943 1078 1006; x_wconf 85' lang='lat' dir='ltr'><strong>hominis</strong></span> <span class='ocrx_word' id='word_1_33' title='bbox 1093 953 1152 1021; x_wconf 92' lang='lat' dir='ltr'><strong>est,</strong></span> <span class='ocrx_word' id='word_1_34' title='bbox 1167 943 1228 1006; x_wconf 90' lang='lat' dir='ltr'><strong>hoc</strong></span> <span class='ocrx_word' id='word_1_35' title='bbox 1252 943 1279 1005; x_wconf 88' lang='lat' dir='ltr'><strong>si</strong></span> 
     </span>
     <span class='ocr_line' id='line_1_6' title="bbox 222 1043 1061 1131; baseline -0.001 -23"><span class='ocrx_word' id='word_1_36' title='bbox 222 1046 293 1109; x_wconf 89' lang='lat' dir='ltr'><strong>fieri</strong></span> <span class='ocrx_word' id='word_1_37' title='bbox 307 1057 426 1131; x_wconf 87' lang='lat' dir='ltr'><strong>potest,</strong></span> <span class='ocrx_word' id='word_1_38' title='bbox 442 1045 576 1109; x_wconf 89' lang='lat' dir='ltr'><strong>liberius</strong></span> <span class='ocrx_word' id='word_1_39' title='bbox 591 1055 691 1128; x_wconf 92' lang='lat' dir='ltr'><strong>atque</strong></span> <span class='ocrx_word' id='word_1_40' title='bbox 708 1043 852 1128; x_wconf 83' lang='lat' dir='ltr'>quietius</span> <span class='ocrx_word' id='word_1_41' title='bbox 866 1044 1061 1128; x_wconf 89' lang='lat' dir='ltr'><strong>possideat.”</strong></span> 
     </span>
    </p>

    <p class='ocr_par' dir='ltr' id='par_1_4' title="bbox 222 1145 1287 2632">
     <span class='ocr_line' id='line_1_7' title="bbox 267 1145 1281 1233; baseline 0 -23"><span class='ocrx_word' id='word_1_42' title='bbox 267 1147 378 1232; x_wconf 92' lang='lat' dir='ltr'><strong>Hujus</strong></span> <span class='ocrx_word' id='word_1_43' title='bbox 393 1148 503 1232; x_wconf 89' lang='lat' dir='ltr'><strong>itaque</strong></span> <span class='ocrx_word' id='word_1_44' title='bbox 518 1147 663 1225; x_wconf 91' lang='lat' dir='ltr'><strong>manerii,</strong></span> <span class='ocrx_word' id='word_1_45' title='bbox 680 1147 720 1210; x_wconf 91' lang='lat' dir='ltr'><strong>ab</strong></span> <span class='ocrx_word' id='word_1_46' title='bbox 746 1145 952 1229; x_wconf 82' lang='lat' dir='ltr'><strong>antiquitate,</strong></span> <span class='ocrx_word' id='word_1_47' title='bbox 968 1147 1038 1211; x_wconf 87' lang='lat' dir='ltr'><strong>haec</strong></span> <span class='ocrx_word' id='word_1_48' title='bbox 1063 1167 1131 1233; x_wconf 86' lang='lat' dir='ltr'><strong>prae</strong></span> <span class='ocrx_word' id='word_1_49' title='bbox 1155 1147 1281 1211; x_wconf 71' lang='lat' dir='ltr'><strong>caeteris</strong></span> 
     </span>
     <span class='ocr_line' id='line_1_8' title="bbox 222 1247 1273 1334; baseline 0.002 -24"><span class='ocrx_word' id='word_1_50' title='bbox 222 1248 361 1331; x_wconf 81' lang='lat' dir='ltr'><strong>dignitas</strong></span> <span class='ocrx_word' id='word_1_51' title='bbox 389 1271 516 1334; x_wconf 84' lang='lat' dir='ltr'>semper</span> <span class='ocrx_word' id='word_1_52' title='bbox 544 1247 667 1326; x_wconf 88' lang='lat' dir='ltr'><strong>extitit,</strong></span> <span class='ocrx_word' id='word_1_53' title='bbox 698 1258 736 1311; x_wconf 91' lang='lat' dir='ltr'><strong>ut</strong></span> <span class='ocrx_word' id='word_1_54' title='bbox 765 1271 840 1310; x_wconf 90' lang='lat' dir='ltr'><strong>curn</strong></span> <span class='ocrx_word' id='word_1_55' title='bbox 868 1271 927 1312; x_wconf 90' lang='lat' dir='ltr'><strong>suo</strong></span> <span class='ocrx_word' id='word_1_56' title='bbox 955 1248 1123 1314; x_wconf 88' lang='lat' dir='ltr'><strong>hundredo</strong></span> <span class='ocrx_word' id='word_1_57' title='bbox 1156 1249 1273 1333; x_wconf 78' lang='lat' dir='ltr'><strong>viginti</strong></span> 
     </span>
     <span class='ocr_line' id='line_1_9' title="bbox 225 1349 1281 1435; baseline 0 -23"><span class='ocrx_word' id='word_1_58' title='bbox 225 1351 352 1414; x_wconf 86' lang='lat' dir='ltr'><strong>duobus</strong></span> <span class='ocrx_word' id='word_1_59' title='bbox 366 1351 541 1414; x_wconf 82' lang='lat' dir='ltr'><strong>hundredis</strong></span> <span class='ocrx_word' id='word_1_60' title='bbox 557 1360 590 1412; x_wconf 88' lang='lat' dir='ltr'><strong>et</strong></span> <span class='ocrx_word' id='word_1_61' title='bbox 605 1349 739 1413; x_wconf 92' lang='lat' dir='ltr'><strong>dimidio</strong></span> <span class='ocrx_word' id='word_1_62' title='bbox 763 1349 803 1412; x_wconf 88' lang='lat' dir='ltr'><strong>ad</strong></span> <span class='ocrx_word' id='word_1_63' title='bbox 823 1373 952 1414; x_wconf 88' lang='lat' dir='ltr'><strong>socnam</strong></span> <span class='ocrx_word' id='word_1_64' title='bbox 977 1350 1066 1414; x_wconf 89' lang='lat' dir='ltr'><strong>illius</strong></span> <span class='ocrx_word' id='word_1_65' title='bbox 1088 1351 1281 1435; x_wconf 88' lang='lat' dir='ltr'><strong>pertinenti-</strong></span> 
     </span>
     <span class='ocr_line' id='line_1_10' title="bbox 225 1451 1279 1538; baseline 0 -24"><span class='ocrx_word' id='word_1_66' title='bbox 225 1452 285 1515; x_wconf 94' lang='lat' dir='ltr'><strong>bus</strong></span> <span class='ocrx_word' id='word_1_67' title='bbox 299 1463 462 1538; x_wconf 87' lang='lat' dir='ltr'><strong>praeesset.</strong></span> <span class='ocrx_word' id='word_1_68' title='bbox 508 1451 560 1514; x_wconf 93' lang='lat' dir='ltr'><strong>De</strong></span> <span class='ocrx_word' id='word_1_69' title='bbox 577 1451 696 1537; x_wconf 89' lang='lat' dir='ltr'><strong>quibus</strong></span> <span class='ocrx_word' id='word_1_70' title='bbox 711 1451 861 1514; x_wconf 90' lang='lat' dir='ltr'><strong>omnibus</strong></span> <span class='ocrx_word' id='word_1_71' title='bbox 877 1451 1029 1535; x_wconf 90' lang='lat' dir='ltr'><strong>quotiens</strong></span> <span class='ocrx_word' id='word_1_72' title='bbox 1053 1452 1094 1514; x_wconf 91' lang='lat' dir='ltr'><strong>ad</strong></span> <span class='ocrx_word' id='word_1_73' title='bbox 1108 1453 1279 1514; x_wconf 81' lang='lat' dir='ltr'><strong>comitatus</strong></span> 
     </span>
     <span class='ocr_line' id='line_1_11' title="bbox 225 1551 1282 1631; baseline -0.004 -13"><span class='ocrx_word' id='word_1_74' title='bbox 225 1555 277 1618; x_wconf 86' lang='lat' dir='ltr'><strong>vel</strong></span> <span class='ocrx_word' id='word_1_75' title='bbox 291 1557 332 1618; x_wconf 90' lang='lat' dir='ltr'><strong>ad</strong></span> <span class='ocrx_word' id='word_1_76' title='bbox 345 1555 423 1618; x_wconf 88' lang='lat' dir='ltr'><strong>alias</strong></span> <span class='ocrx_word' id='word_1_77' title='bbox 438 1552 719 1617; x_wconf 86' lang='lat' dir='ltr'><strong>consuetudinales</strong></span> <span class='ocrx_word' id='word_1_78' title='bbox 745 1551 951 1615; x_wconf 87' lang='lat' dir='ltr'><strong>collectiones</strong></span> <span class='ocrx_word' id='word_1_79' title='bbox 966 1552 1135 1615; x_wconf 89' lang='lat' dir='ltr'><strong>convenire</strong></span> <span class='ocrx_word' id='word_1_80' title='bbox 1152 1553 1282 1631; x_wconf 89' lang='lat' dir='ltr'><strong>debent,</strong></span> 
     </span>
     <span class='ocr_line' id='line_1_12' title="bbox 226 1652 1282 1739; baseline -0.004 -18"><span class='ocrx_word' id='word_1_81' title='bbox 226 1657 402 1720; x_wconf 89' lang='lat' dir='ltr'><strong>vicecomes</strong></span> <span class='ocrx_word' id='word_1_82' title='bbox 417 1656 457 1719; x_wconf 89' lang='lat' dir='ltr'><strong>de</strong></span> <span class='ocrx_word' id='word_1_83' title='bbox 474 1654 581 1718; x_wconf 84' lang='lat' dir='ltr'><strong>Chent</strong></span> <span class='ocrx_word' id='word_1_84' title='bbox 601 1653 778 1738; x_wconf 85' lang='lat' dir='ltr'><strong>praeposito</strong></span> <span class='ocrx_word' id='word_1_85' title='bbox 805 1653 844 1716; x_wconf 91' lang='lat' dir='ltr'><strong>de</strong></span> <span class='ocrx_word' id='word_1_86' title='bbox 860 1653 928 1732; x_wconf 92' lang='lat' dir='ltr'><strong>Wi,</strong></span> <span class='ocrx_word' id='word_1_87' title='bbox 955 1653 1007 1716; x_wconf 87' lang='lat' dir='ltr'><strong>vel</strong></span> <span class='ocrx_word' id='word_1_88' title='bbox 1030 1652 1179 1716; x_wconf 88' lang='lat' dir='ltr'><strong>ministro</strong></span> <span class='ocrx_word' id='word_1_89' title='bbox 1201 1655 1282 1739; x_wconf 76' lang='lat' dir='ltr'><strong>ejuS,</strong></span> 
     </span>
     <span class='ocr_line' id='line_1_13' title="bbox 226 1754 1284 1840; baseline -0.004 -18"><span class='ocrx_word' id='word_1_90' title='bbox 226 1759 297 1822; x_wconf 93' lang='lat' dir='ltr'><strong>loco</strong></span> <span class='ocrx_word' id='word_1_91' title='bbox 321 1770 355 1822; x_wconf 91' lang='lat' dir='ltr'><strong>et</strong></span> <span class='ocrx_word' id='word_1_92' title='bbox 378 1757 516 1820; x_wconf 80' lang='lat' dir='ltr'><strong>termino</strong></span> <span class='ocrx_word' id='word_1_93' title='bbox 541 1756 717 1840; x_wconf 85' lang='lat' dir='ltr'><strong>designato,</strong></span> <span class='ocrx_word' id='word_1_94' title='bbox 737 1755 855 1818; x_wconf 87' lang='lat' dir='ltr'><strong>litteris</strong></span> <span class='ocrx_word' id='word_1_95' title='bbox 881 1755 947 1818; x_wconf 90' lang='lat' dir='ltr'><strong>suis</strong></span> <span class='ocrx_word' id='word_1_96' title='bbox 971 1754 1119 1839; x_wconf 85' lang='lat' dir='ltr'><strong>sigillatis</strong></span> <span class='ocrx_word' id='word_1_97' title='bbox 1134 1755 1284 1826; x_wconf 86' lang='lat' dir='ltr'><strong>mandare</strong></span> 
     </span>
     <span class='ocr_line' id='line_1_14' title="bbox 227 1857 1283 1941; baseline -0.001 -18"><span class='ocrx_word' id='word_1_98' title='bbox 227 1860 336 1936; x_wconf 92' lang='lat' dir='ltr'><strong>debet,</strong></span> <span class='ocrx_word' id='word_1_99' title='bbox 374 1869 408 1921; x_wconf 88' lang='lat' dir='ltr'><strong>et</strong></span> <span class='ocrx_word' id='word_1_100' title='bbox 448 1857 517 1941; x_wconf 85' lang='lat' dir='ltr'><strong>ipse</strong></span> <span class='ocrx_word' id='word_1_101' title='bbox 553 1859 670 1922; x_wconf 88' lang='lat' dir='ltr'><strong>deinde</strong></span> <span class='ocrx_word' id='word_1_102' title='bbox 718 1858 1026 1922; x_wconf 87' lang='lat' dir='ltr'><strong>consuetudinaliter</strong></span> <span class='ocrx_word' id='word_1_103' title='bbox 1070 1881 1283 1922; x_wconf 85' lang='lat' dir='ltr'><strong>summouere.</strong></span> 
     </span>
     <span class='ocr_line' id='line_1_15' title="bbox 229 1958 1285 2044; baseline -0.003 -19"><span class='ocrx_word' id='word_1_104' title='bbox 229 1960 362 2026; x_wconf 80' lang='lat' dir='ltr'><strong>Quibus</strong></span> <span class='ocrx_word' id='word_1_105' title='bbox 377 1958 531 2035; x_wconf 90' lang='lat' dir='ltr'><strong>collectis,</strong></span> <span class='ocrx_word' id='word_1_106' title='bbox 547 1960 587 2021; x_wconf 90' lang='lat' dir='ltr'><strong>de</strong></span> <span class='ocrx_word' id='word_1_107' title='bbox 611 1959 759 2022; x_wconf 92' lang='lat' dir='ltr'><strong>omnibus</strong></span> <span class='ocrx_word' id='word_1_108' title='bbox 782 1959 909 2044; x_wconf 90' lang='lat' dir='ltr'><strong>placitis</strong></span> <span class='ocrx_word' id='word_1_109' title='bbox 924 1970 958 2022; x_wconf 89' lang='lat' dir='ltr'><strong>et</strong></span> <span class='ocrx_word' id='word_1_110' title='bbox 975 1958 1188 2022; x_wconf 85' lang='lat' dir='ltr'><strong>forisfacturis</strong></span> <span class='ocrx_word' id='word_1_111' title='bbox 1201 1980 1285 2043; x_wconf 85' lang='lat' dir='ltr'><strong>prae-</strong></span> 
     </span>
     <span class='ocr_line' id='line_1_16' title="bbox 229 2056 1286 2144; baseline -0.001 -20"><span class='ocrx_word' id='word_1_112' title='bbox 229 2060 390 2124; x_wconf 89' lang='lat' dir='ltr'><strong>dictorum</strong></span> <span class='ocrx_word' id='word_1_113' title='bbox 418 2056 660 2122; x_wconf 87' lang='lat' dir='ltr'><strong>hundredorum</strong></span> <span class='ocrx_word' id='word_1_114' title='bbox 684 2060 879 2144; x_wconf 86' lang='lat' dir='ltr'><strong>praepositus</strong></span> <span class='ocrx_word' id='word_1_115' title='bbox 909 2059 948 2122; x_wconf 91' lang='lat' dir='ltr'><strong>de</strong></span> <span class='ocrx_word' id='word_1_116' title='bbox 973 2059 1042 2135; x_wconf 92' lang='lat' dir='ltr'><strong>Wi,</strong></span> <span class='ocrx_word' id='word_1_117' title='bbox 1065 2059 1116 2121; x_wconf 88' lang='lat' dir='ltr'><strong>vel</strong></span> <span class='ocrx_word' id='word_1_118' title='bbox 1140 2059 1286 2123; x_wconf 87' lang='lat' dir='ltr'><strong>minister</strong></span> 
     </span>
     <span class='ocr_line' id='line_1_17' title="bbox 230 2159 1286 2246; baseline 0 -22"><span class='ocrx_word' id='word_1_119' title='bbox 230 2162 300 2246; x_wconf 89' lang='lat' dir='ltr'><strong>ejus</strong></span> <span class='ocrx_word' id='word_1_120' title='bbox 315 2159 495 2222; x_wconf 87' lang='lat' dir='ltr'><strong>vadimonia</strong></span> <span class='ocrx_word' id='word_1_121' title='bbox 509 2160 656 2245; x_wconf 89' lang='lat' dir='ltr'><strong>accipiet,</strong></span> <span class='ocrx_word' id='word_1_122' title='bbox 672 2170 706 2224; x_wconf 91' lang='lat' dir='ltr'><strong>et</strong></span> <span class='ocrx_word' id='word_1_123' title='bbox 721 2161 802 2224; x_wconf 88' lang='lat' dir='ltr'><strong>duos</strong></span> <span class='ocrx_word' id='word_1_124' title='bbox 817 2160 963 2224; x_wconf 91' lang='lat' dir='ltr'><strong>denarios</strong></span> <span class='ocrx_word' id='word_1_125' title='bbox 985 2159 1143 2224; x_wconf 86' lang='lat' dir='ltr'><strong>similiter.</strong></span> <span class='ocrx_word' id='word_1_126' title='bbox 1189 2160 1286 2224; x_wconf 92' lang='lat' dir='ltr'><strong>Hun-</strong></span> 
     </span>
     <span class='ocr_line' id='line_1_18' title="bbox 230 2250 1286 2346; baseline 0.001 -22"><span class='ocrx_word' id='word_1_127' title='bbox 230 2250 366 2325; x_wconf 88' lang='lat' dir='ltr'><strong>dredum</strong></span> <span class='ocrx_word' id='word_1_128' title='bbox 381 2284 457 2325; x_wconf 90' lang='lat' dir='ltr'><strong>vero</strong></span> <span class='ocrx_word' id='word_1_129' title='bbox 478 2263 517 2325; x_wconf 95' lang='lat' dir='ltr'><strong>de</strong></span> <span class='ocrx_word' id='word_1_130' title='bbox 538 2261 596 2325; x_wconf 91' lang='lat' dir='ltr'><strong>Wi</strong></span> <span class='ocrx_word' id='word_1_131' title='bbox 611 2261 750 2325; x_wconf 90' lang='lat' dir='ltr'><strong>liberum</strong></span> <span class='ocrx_word' id='word_1_132' title='bbox 765 2273 815 2326; x_wconf 89' lang='lat' dir='ltr'><strong>est</strong></span> <span class='ocrx_word' id='word_1_133' title='bbox 837 2273 870 2326; x_wconf 90' lang='lat' dir='ltr'><strong>et</strong></span> <span class='ocrx_word' id='word_1_134' title='bbox 885 2261 1034 2345; x_wconf 89' lang='lat' dir='ltr'><strong>quietum</strong></span> <span class='ocrx_word' id='word_1_135' title='bbox 1044 2271 1178 2346; x_wconf 89' lang='lat' dir='ltr'><strong>propter</strong></span> <span class='ocrx_word' id='word_1_136' title='bbox 1191 2261 1286 2325; x_wconf 86' lang='lat' dir='ltr'><strong>istam</strong></span> 
     </span>
     <span class='ocr_line' id='line_1_19' title="bbox 230 2346 1285 2448; baseline 0.001 -22"><span class='ocrx_word' id='word_1_137' title='bbox 230 2363 513 2427; x_wconf 90' lang='lat' dir='ltr'><strong>summonitionem</strong></span> <span class='ocrx_word' id='word_1_138' title='bbox 528 2363 568 2426; x_wconf 93' lang='lat' dir='ltr'><strong>ab</strong></span> <span class='ocrx_word' id='word_1_139' title='bbox 589 2363 676 2426; x_wconf 92' lang='lat' dir='ltr'><strong>omni</strong></span> <span class='ocrx_word' id='word_1_140' title='bbox 699 2346 943 2441; x_wconf 76' lang='lat' dir='ltr'><strong>consuetudine,</strong></span> <span class='ocrx_word' id='word_1_141' title='bbox 959 2375 993 2427; x_wconf 89' lang='lat' dir='ltr'><strong>et</strong></span> <span class='ocrx_word' id='word_1_142' title='bbox 1004 2363 1089 2427; x_wconf 88' lang='lat' dir='ltr'><strong>sicut</strong></span> <span class='ocrx_word' id='word_1_143' title='bbox 1103 2363 1182 2428; x_wconf 94' lang='lat' dir='ltr'><strong>olim</strong></span> <span class='ocrx_word' id='word_1_144' title='bbox 1205 2365 1285 2448; x_wconf 87' lang='lat' dir='ltr'><strong>regi,</strong></span> 
     </span>
     <span class='ocr_line' id='line_1_20' title="bbox 230 2465 1287 2552; baseline 0.002 -24"><span class='ocrx_word' id='word_1_145' title='bbox 230 2466 276 2528; x_wconf 89' lang='lat' dir='ltr'><strong>ita</strong></span> <span class='ocrx_word' id='word_1_146' title='bbox 289 2487 376 2529; x_wconf 90' lang='lat' dir='ltr'><strong>nunc</strong></span> <span class='ocrx_word' id='word_1_147' title='bbox 391 2465 534 2529; x_wconf 87' lang='lat' dir='ltr'><strong>ecclesiae</strong></span> <span class='ocrx_word' id='word_1_148' title='bbox 549 2465 652 2530; x_wconf 87' lang='lat' dir='ltr'><strong>sancti</strong></span> <span class='ocrx_word' id='word_1_149' title='bbox 675 2465 812 2530; x_wconf 90' lang='lat' dir='ltr'><strong>Martini</strong></span> <span class='ocrx_word' id='word_1_150' title='bbox 827 2466 867 2529; x_wconf 91' lang='lat' dir='ltr'><strong>de</strong></span> <span class='ocrx_word' id='word_1_151' title='bbox 891 2465 997 2542; x_wconf 92' lang='lat' dir='ltr'><strong>Bello,</strong></span> <span class='ocrx_word' id='word_1_152' title='bbox 1023 2466 1191 2551; x_wconf 88' lang='lat' dir='ltr'><strong>proprium</strong></span> <span class='ocrx_word' id='word_1_153' title='bbox 1214 2489 1287 2552; x_wconf 89' lang='lat' dir='ltr'><strong>per·</strong></span> 
     </span>
     <span class='ocr_line' id='line_1_21' title="bbox 231 2578 692 2632; baseline -0.007 -1"><span class='ocrx_word' id='word_1_154' title='bbox 231 2578 349 2632; x_wconf 87' lang='lat' dir='ltr'><strong>manet.</strong></span> <span class='ocrx_word' id='word_1_155' title='bbox 689 2620 692 2628; x_wconf 96' lang='lat'>.</span> 
     </span>
    </p>

    <p class='ocr_par' dir='ltr' id='par_1_5' title="bbox 233 2668 1291 3262">
     <span class='ocr_line' id='line_1_22' title="bbox 274 2668 1288 2755; baseline -0.001 -22"><span class='ocrx_word' id='word_1_156' title='bbox 274 2668 603 2734; x_wconf 72' lang='lat' dir='ltr'><strong>consuetudinaliter¹</strong></span> <span class='ocrx_word' id='word_1_157' title='bbox 618 2680 727 2734; x_wconf 89' lang='lat' dir='ltr'><strong>autem</strong></span> <span class='ocrx_word' id='word_1_158' title='bbox 749 2692 809 2755; x_wconf 89' lang='lat' dir='ltr'><strong>per</strong></span> <span class='ocrx_word' id='word_1_159' title='bbox 828 2678 931 2733; x_wconf 86' lang='lat' dir='ltr'><strong>totam</strong></span> <span class='ocrx_word' id='word_1_160' title='bbox 946 2668 1099 2754; x_wconf 85' lang='lat' dir='ltr'><strong>Angliam</strong></span> <span class='ocrx_word' id='word_1_161' title='bbox 1113 2692 1183 2734; x_wconf 90' lang='lat' dir='ltr'><strong>mos</strong></span> <span class='ocrx_word' id='word_1_162' title='bbox 1204 2670 1288 2733; x_wconf 91' lang='lat' dir='ltr'><strong>anti-</strong></span> 
     </span>
     <span class='ocr_line' id='line_1_23' title="bbox 233 2770 1288 2856; baseline -0.001 -22"><span class='ocrx_word' id='word_1_163' title='bbox 233 2771 345 2856; x_wconf 89' lang='lat' dir='ltr'><strong>quitus</strong></span> <span class='ocrx_word' id='word_1_164' title='bbox 359 2794 418 2856; x_wconf 92' lang='lat' dir='ltr'><strong>pro</strong></span> <span class='ocrx_word' id='word_1_165' title='bbox 444 2771 514 2855; x_wconf 85' lang='lat' dir='ltr'><strong>lege</strong></span> <span class='ocrx_word' id='word_1_166' title='bbox 538 2771 725 2848; x_wconf 87' lang='lat' dir='ltr'><strong>inoleverat,</strong></span> <span class='ocrx_word' id='word_1_167' title='bbox 742 2771 876 2834; x_wconf 89' lang='lat' dir='ltr'><strong>comites</strong></span> <span class='ocrx_word' id='word_1_168' title='bbox 900 2770 1137 2854; x_wconf 87' lang='lat' dir='ltr'><strong>provinciarum</strong></span> <span class='ocrx_word' id='word_1_169' title='bbox 1154 2771 1288 2835; x_wconf 90' lang='lat' dir='ltr'><strong>tertium</strong></span> 
     </span>
     <span class='ocr_line' id='line_1_24' title="bbox 233 2871 1288 2957; baseline 0.001 -21"><span class='ocrx_word' id='word_1_170' title='bbox 233 2873 400 2936; x_wconf 88' lang='lat' dir='ltr'><strong>denarium</strong></span> <span class='ocrx_word' id='word_1_171' title='bbox 415 2872 476 2935; x_wconf 91' lang='lat' dir='ltr'><strong>sibi</strong></span> <span class='ocrx_word' id='word_1_172' title='bbox 497 2873 669 2957; x_wconf 70' lang='lat' dir='ltr'><strong>optinere.l</strong></span> <span class='ocrx_word' id='word_1_173' title='bbox 714 2872 795 2936; x_wconf 91' lang='lat' dir='ltr'><strong>Inde</strong></span> <span class='ocrx_word' id='word_1_174' title='bbox 822 2872 908 2936; x_wconf 92' lang='lat' dir='ltr'><strong>enim</strong></span> <span class='ocrx_word' id='word_1_175' title='bbox 930 2871 1064 2936; x_wconf 87' lang='lat' dir='ltr'><strong>comites</strong></span> <span class='ocrx_word' id='word_1_176' title='bbox 1088 2872 1288 2937; x_wconf 80' lang='lat' dir='ltr'><strong>dicebantur.</strong></span> 
     </span>
     <span class='ocr_line' id='line_1_25' title="bbox 235 2973 1291 3059; baseline 0.001 -22"><span class='ocrx_word' id='word_1_177' title='bbox 235 2973 330 3038; x_wconf 89' lang='lat' dir='ltr'><strong>Unde</strong></span> <span class='ocrx_word' id='word_1_178' title='bbox 352 2975 428 3058; x_wconf 89' lang='lat' dir='ltr'><strong>quia</strong></span> <span class='ocrx_word' id='word_1_179' title='bbox 442 2983 519 3037; x_wconf 89' lang='lat' dir='ltr'><strong>tunc</strong></span> <span class='ocrx_word' id='word_1_180' title='bbox 545 2974 696 3059; x_wconf 89' lang='lat' dir='ltr'><strong>episcopo</strong></span> <span class='ocrx_word' id='word_1_181' title='bbox 712 2973 883 3037; x_wconf 88' lang='lat' dir='ltr'><strong>Baiocensi</strong></span> <span class='ocrx_word' id='word_1_182' title='bbox 907 2973 1026 3050; x_wconf 93' lang='lat' dir='ltr'><strong>Odoni,</strong></span> <span class='ocrx_word' id='word_1_183' title='bbox 1051 2974 1143 3038; x_wconf 85' lang='lat' dir='ltr'><strong>fratri</strong></span> <span class='ocrx_word' id='word_1_184' title='bbox 1168 2975 1291 3040; x_wconf 87' lang='lat' dir='ltr'><strong>scilicet</strong></span> 
     </span>
     <span class='ocr_line' id='line_1_26' title="bbox 235 3075 1291 3153; baseline 0.003 -15"><span class='ocrx_word' id='word_1_185' title='bbox 235 3097 304 3153; x_wconf 89' lang='lat' dir='ltr'><strong>suo,</strong></span> <span class='ocrx_word' id='word_1_186' title='bbox 331 3097 391 3138; x_wconf 87' lang='lat' dir='ltr'><strong>rex</strong></span> <span class='ocrx_word' id='word_1_187' title='bbox 431 3075 555 3139; x_wconf 84' lang='lat' dir='ltr'><strong>Cantiae</strong></span> <span class='ocrx_word' id='word_1_188' title='bbox 579 3076 767 3139; x_wconf 85' lang='lat' dir='ltr'><strong>comitatum</strong></span> <span class='ocrx_word' id='word_1_189' title='bbox 798 3086 904 3140; x_wconf 90' lang='lat' dir='ltr'><strong>totum</strong></span> <span class='ocrx_word' id='word_1_190' title='bbox 934 3075 1066 3139; x_wconf 90' lang='lat' dir='ltr'><strong>dederat</strong></span> <span class='ocrx_word' id='word_1_191' title='bbox 1090 3075 1230 3140; x_wconf 90' lang='lat' dir='ltr'><strong>liberum</strong></span> <span class='ocrx_word' id='word_1_192' title='bbox 1257 3088 1291 3141; x_wconf 91' lang='lat' dir='ltr'><strong>et</strong></span> 
     </span>
     <span class='ocr_line' id='line_1_27' title="bbox 235 3175 1290 3262; baseline 0.003 -24"><span class='ocrx_word' id='word_1_193' title='bbox 235 3187 443 3253; x_wconf 87' lang='lat' dir='ltr'><strong>concesserat,</strong></span> <span class='ocrx_word' id='word_1_194' title='bbox 458 3177 572 3240; x_wconf 87' lang='lat' dir='ltr'><strong>iccirco</strong></span> <span class='ocrx_word' id='word_1_195' title='bbox 587 3176 732 3240; x_wconf 81' lang='lat' dir='ltr'><strong>ecclesiae</strong></span> <span class='ocrx_word' id='word_1_196' title='bbox 747 3197 815 3240; x_wconf 85' lang='lat' dir='ltr'><strong>suae</strong></span> <span class='ocrx_word' id='word_1_197' title='bbox 831 3177 870 3240; x_wconf 92' lang='lat' dir='ltr'><strong>de</strong></span> <span class='ocrx_word' id='word_1_198' title='bbox 886 3175 981 3239; x_wconf 90' lang='lat' dir='ltr'><strong>Bello</strong></span> <span class='ocrx_word' id='word_1_199' title='bbox 1002 3177 1093 3254; x_wconf 92' lang='lat' dir='ltr'><strong>duos,</strong></span> <span class='ocrx_word' id='word_1_200' title='bbox 1117 3200 1199 3260; x_wconf 91' lang='lat' dir='ltr'><strong>quos</strong></span> <span class='ocrx_word' id='word_1_201' title='bbox 1221 3178 1290 3262; x_wconf 92' lang='lat' dir='ltr'><strong>ipse</strong></span> 
     </span>
    </p>

    <p class='ocr_par' dir='ltr' id='par_1_6' title="bbox 209 3275 1386 3770">
     <span class='ocr_line' id='line_1_28' title="bbox 209 3275 1291 3363; baseline 0.004 -25"><span class='ocrx_word' id='word_1_202' title='bbox 209 3321 224 3352; x_wconf 84' lang='grc'>,</span> <span class='ocrx_word' id='word_1_203' title='bbox 236 3275 376 3340; x_wconf 89' lang='lat' dir='ltr'><strong>habebat</strong></span> <span class='ocrx_word' id='word_1_204' title='bbox 389 3275 424 3338; x_wconf 93' lang='lat' dir='ltr'><strong>in</strong></span> <span class='ocrx_word' id='word_1_205' title='bbox 438 3276 581 3339; x_wconf 92' lang='lat' dir='ltr'><strong>dominio</strong></span> <span class='ocrx_word' id='word_1_206' title='bbox 591 3299 660 3353; x_wconf 87' lang='lat' dir='ltr'><strong>suo,</strong></span> <span class='ocrx_word' id='word_1_207' title='bbox 677 3277 823 3342; x_wconf 89' lang='lat' dir='ltr'><strong>denarios</strong></span> <span class='ocrx_word' id='word_1_208' title='bbox 837 3276 938 3352; x_wconf 91' lang='lat' dir='ltr'><strong>dedit,</strong></span> <span class='ocrx_word' id='word_1_209' title='bbox 955 3276 1063 3352; x_wconf 90' lang='lat' dir='ltr'><strong>tertio,</strong></span> <span class='ocrx_word' id='word_1_210' title='bbox 1078 3279 1119 3340; x_wconf 92' lang='lat' dir='ltr'><strong>ab</strong></span> <span class='ocrx_word' id='word_1_211' title='bbox 1141 3279 1291 3363; x_wconf 91' lang='lat' dir='ltr'><strong>episcopo</strong></span> 
     </span>
     <span class='ocr_line' id='line_1_29' title="bbox 237 3377 1291 3462; baseline 0.001 -22"><span class='ocrx_word' id='word_1_212' title='bbox 237 3377 290 3440; x_wconf 92' lang='lat' dir='ltr'><strong>cui</strong></span> <span class='ocrx_word' id='word_1_213' title='bbox 305 3377 477 3441; x_wconf 88' lang='lat' dir='ltr'><strong>comitatus</strong></span> <span class='ocrx_word' id='word_1_214' title='bbox 489 3387 639 3454; x_wconf 89' lang='lat' dir='ltr'><strong>cesserat,</strong></span> <span class='ocrx_word' id='word_1_215' title='bbox 656 3386 794 3440; x_wconf 89' lang='lat' dir='ltr'><strong>retento.</strong></span> <span class='ocrx_word' id='word_1_216' title='bbox 841 3377 1041 3440; x_wconf 89' lang='lat' dir='ltr'><strong>Succedente</strong></span> <span class='ocrx_word' id='word_1_217' title='bbox 1056 3399 1132 3440; x_wconf 88' lang='lat' dir='ltr'><strong>vero</strong></span> <span class='ocrx_word' id='word_1_218' title='bbox 1146 3388 1291 3462; x_wconf 88' lang='lat' dir='ltr'><strong>tempore</strong></span> 
     </span>
     <span class='ocr_line' id='line_1_30' title="bbox 236 3477 1292 3564; baseline 0.002 -22"><span class='ocrx_word' id='word_1_219' title='bbox 236 3489 407 3564; x_wconf 89' lang='lat' dir='ltr'><strong>postquam</strong></span> <span class='ocrx_word' id='word_1_220' title='bbox 426 3479 601 3564; x_wconf 85' lang='lat' dir='ltr'><strong>praedictus</strong></span> <span class='ocrx_word' id='word_1_221' title='bbox 625 3479 795 3564; x_wconf 90' lang='lat' dir='ltr'><strong>episcopus</strong></span> <span class='ocrx_word' id='word_1_222' title='bbox 809 3477 948 3564; x_wconf 89' lang='lat' dir='ltr'><strong>propriis</strong></span> <span class='ocrx_word' id='word_1_223' title='bbox 970 3477 1158 3543; x_wconf 84' lang='lat' dir='ltr'><strong>infortuniis</strong></span> <span class='ocrx_word' id='word_1_224' title='bbox 1179 3481 1292 3544; x_wconf 89' lang='lat' dir='ltr'><strong>subac-</strong></span> 
     </span>
     <span class='ocr_line' id='line_1_31' title="bbox 236 3580 1386 3668; baseline 0 -24"><span class='ocrx_word' id='word_1_225' title='bbox 236 3593 289 3645; x_wconf 94' lang='lat' dir='ltr'><strong>tus</strong></span> <span class='ocrx_word' id='word_1_226' title='bbox 312 3582 500 3646; x_wconf 90' lang='lat' dir='ltr'><strong>comitatum</strong></span> <span class='ocrx_word' id='word_1_227' title='bbox 525 3582 716 3668; x_wconf 74' lang='lat' dir='ltr'><strong>praedictum</strong></span> <span class='ocrx_word' id='word_1_228' title='bbox 743 3581 875 3659; x_wconf 83' lang='lat' dir='ltr'><strong>amisit,³</strong></span> <span class='ocrx_word' id='word_1_229' title='bbox 896 3581 982 3644; x_wconf 91' lang='lat' dir='ltr'><strong>idem</strong></span> <span class='ocrx_word' id='word_1_230' title='bbox 1006 3580 1121 3645; x_wconf 89' lang='lat' dir='ltr'><strong>tertius</strong></span> <span class='ocrx_word' id='word_1_231' title='bbox 1144 3582 1292 3646; x_wconf 88' lang='lat' dir='ltr'><strong>denarius</strong></span> <span class='ocrx_word' id='word_1_232' title='bbox 1375 3636 1386 3653; x_wconf 79' lang='grc'><em>,</em></span> 
     </span>
     <span class='ocr_line' id='line_1_32' title="bbox 237 3683 974 3770; baseline -0.001 -23"><span class='ocrx_word' id='word_1_233' title='bbox 237 3685 271 3748; x_wconf 94' lang='lat' dir='ltr'><strong>in</strong></span> <span class='ocrx_word' id='word_1_234' title='bbox 286 3685 466 3750; x_wconf 89' lang='lat' dir='ltr'><strong>redditibus</strong></span> <span class='ocrx_word' id='word_1_235' title='bbox 480 3685 578 3770; x_wconf 85' lang='lat' dir='ltr'><strong>regiis</strong></span> <span class='ocrx_word' id='word_1_236' title='bbox 592 3693 796 3768; x_wconf 91' lang='lat' dir='ltr'><strong>computatus</strong></span> <span class='ocrx_word' id='word_1_237' title='bbox 811 3683 974 3747; x_wconf 89' lang='lat' dir='ltr'><strong>remansit.</strong></span> 
     </span>
    </p>

    <p class='ocr_par' dir='ltr' id='par_1_7' title="bbox 238 3786 1420 3954">
     <span class='ocr_line' id='line_1_33' title="bbox 278 3786 1420 3872; baseline -0.005 -22"><span class='ocrx_word' id='word_1_238' title='bbox 278 3787 319 3850; x_wconf 91' lang='lat' dir='ltr'><strong>In</strong></span> <span class='ocrx_word' id='word_1_239' title='bbox 330 3788 570 3871; x_wconf 83' lang='lat' dir='ltr'><strong>Dengemareis,</strong></span> <span class='ocrx_word' id='word_1_240' title='bbox 583 3787 672 3872; x_wconf 90' lang='lat' dir='ltr'><strong>quod</strong></span> <span class='ocrx_word' id='word_1_241' title='bbox 686 3797 735 3850; x_wconf 88' lang='lat' dir='ltr'><strong>est</strong></span> <span class='ocrx_word' id='word_1_242' title='bbox 750 3808 853 3849; x_wconf 90' lang='lat' dir='ltr'><strong>unum</strong></span> <span class='ocrx_word' id='word_1_243' title='bbox 867 3787 1047 3849; x_wconf 87' lang='lat' dir='ltr'><strong>membrum</strong></span> <span class='ocrx_word' id='word_1_244' title='bbox 1058 3787 1097 3849; x_wconf 91' lang='lat' dir='ltr'><strong>de</strong></span> <span class='ocrx_word' id='word_1_245' title='bbox 1109 3786 1178 3864; x_wconf 88' lang='lat' dir='ltr'><strong>Wi,</strong></span> <span class='ocrx_word' id='word_1_246' title='bbox 1194 3788 1291 3850; x_wconf 79' lang='lat' dir='ltr'><strong>⁴con-</strong></span> <span class='ocrx_word' id='word_1_247' title='bbox 1304 3808 1420 3870; x_wconf 51' lang='lat' dir='ltr'><strong>orosam.</strong></span> 
     </span>
     <span class='ocr_line' id='line_1_34' title="bbox 238 3871 1385 3954; baseline -0.001 -2"><span class='ocrx_word' id='word_1_248' title='bbox 238 3889 333 3952; x_wconf 88' lang='lat' dir='ltr'><strong>cessit</strong></span> <span class='ocrx_word' id='word_1_249' title='bbox 356 3900 390 3952; x_wconf 89' lang='lat' dir='ltr'><strong>et</strong></span> <span class='ocrx_word' id='word_1_250' title='bbox 413 3890 504 3954; x_wconf 90' lang='lat' dir='ltr'><strong>dedit</strong></span> <span class='ocrx_word' id='word_1_251' title='bbox 528 3889 614 3952; x_wconf 92' lang='lat' dir='ltr'><strong>idem</strong></span> <span class='ocrx_word' id='word_1_252' title='bbox 638 3879 760 3952; x_wconf 82' lang='lat' dir='ltr'><strong>nobilis</strong></span> <span class='ocrx_word' id='word_1_253' title='bbox 779 3911 839 3954; x_wconf 88' lang='lat' dir='ltr'><strong>rex</strong></span> <span class='ocrx_word' id='word_1_254' title='bbox 854 3887 1041 3951; x_wconf 89' lang='lat' dir='ltr'><strong>Willelmus</strong></span> <span class='ocrx_word' id='word_1_255' title='bbox 1067 3909 1177 3951; x_wconf 89' lang='lat' dir='ltr'><strong>omnes</strong></span> <span class='ocrx_word' id='word_1_256' title='bbox 1198 3871 1385 3951; x_wconf 66' lang='lat' dir='ltr'><strong>mari-&#39;‘¹⁸⁹¹&#39;‘</strong></span> 
     </span>
    </p>
   </div>
   <div class='ocr_carea' id='block_1_4' title="bbox 240 4058 1294 4485">
    <p class='ocr_par' dir='ltr' id='par_1_8' title="bbox 240 4058 1294 4485">
     <span class='ocr_line' id='line_1_35' title="bbox 275 4058 1293 4180; baseline -0.005 -63"><span class='ocrx_word' id='word_1_257' title='bbox 275 4065 314 4146; x_wconf 51' lang='grc' dir='ltr'><strong>ξι(</strong></span> <span class='ocrx_word' id='word_1_258' title='bbox 322 4064 387 4119; x_wconf 90' lang='lat' dir='ltr'><strong>Not.</strong></span> <span class='ocrx_word' id='word_1_259' title='bbox 409 4064 442 4118; x_wconf 92' lang='lat' dir='ltr'><strong>de</strong></span> <span class='ocrx_word' id='word_1_260' title='bbox 460 4065 560 4118; x_wconf 87' lang='lat' dir='ltr'><strong>duobus</strong></span> <span class='ocrx_word' id='word_1_261' title='bbox 577 4065 689 4146; x_wconf 73' lang='lat' dir='ltr'><strong>denariis</strong></span> <span class='ocrx_word' id='word_1_262' title='bbox 708 4065 740 4118; x_wconf 91' lang='lat' dir='ltr'><strong>de</strong></span> <span class='ocrx_word' id='word_1_263' title='bbox 792 4064 838 4117; x_wconf 89' lang='lat' dir='ltr'><strong>the</strong></span> <span class='ocrx_word' id='word_1_264' title='bbox 864 4064 1040 4117; x_wconf 87' lang='lat' dir='ltr'><strong>Govemment</strong></span> <span class='ocrx_word' id='word_1_265' title='bbox 1064 4060 1093 4112; x_wconf 88' lang='lat' dir='ltr'><strong>of</strong></span> <span class='ocrx_word' id='word_1_266' title='bbox 1108 4058 1165 4180; x_wconf 74' lang='lat' dir='ltr'><strong>dthe</strong></span> <span class='ocrx_word' id='word_1_267' title='bbox 1195 4059 1293 4130; x_wconf 84' lang='lat' dir='ltr'><strong>Anglo-</strong></span> 
     </span>
     <span class='ocr_line' id='line_1_36' title="bbox 240 4129 1294 4285; baseline -0.005 -29"><span class='ocrx_word' id='word_1_268' title='bbox 240 4134 742 4285; x_wconf 61' lang='lat' dir='ltr'><strong>atiamentarius</strong></span> <span class='ocrx_word' id='word_1_269' title='bbox 792 4129 1294 4284; x_wconf 47' lang='lat' dir='ltr'><strong>&amp;nair-,lanatasa.</strong></span> 
     </span>
     <span class='ocr_line' id='line_1_37' title="bbox 241 4272 1294 4393; baseline -0.003 3"><span class='ocrx_word' id='word_1_270' title='bbox 241 4291 350 4344; x_wconf 31' lang='lat' dir='ltr'><strong>mamni</strong></span> <span class='ocrx_word' id='word_1_271' title='bbox 793 4280 838 4371; x_wconf 59' lang='lat' dir='ltr'><strong>ml</strong></span> <span class='ocrx_word' id='word_1_272' title='bbox 848 4272 958 4393; x_wconf 57' lang='lat' dir='ltr'><strong>Iffefbtlre</strong></span> <span class='ocrx_word' id='word_1_273' title='bbox 975 4338 1075 4393; x_wconf 88' lang='lat' dir='ltr'><strong>charter</strong></span> <span class='ocrx_word' id='word_1_274' title='bbox 1087 4337 1114 4392; x_wconf 92' lang='lat' dir='ltr'><strong>in</strong></span> <span class='ocrx_word' id='word_1_275' title='bbox 1126 4336 1171 4390; x_wconf 89' lang='lat' dir='ltr'><strong>the</strong></span> <span class='ocrx_word' id='word_1_276' title='bbox 1189 4338 1294 4393; x_wconf 82' lang='lat' dir='ltr'><strong>Monae-</strong></span> 
     </span>
     <span class='ocr_line' id='line_1_38' title="bbox 275 4409 1025 4485; baseline -0.005 -19"><span class='ocrx_word' id='word_1_277' title='bbox 275 4413 286 4443; x_wconf 78' lang='lat'>²</span> <span class='ocrx_word' id='word_1_278' title='bbox 302 4414 351 4466; x_wconf 80' lang='lat' dir='ltr'><strong>See</strong></span> <span class='ocrx_word' id='word_1_279' title='bbox 364 4411 742 4485; x_wconf 79' lang='lat' dir='ltr'><strong>Heywood’sDissertatiouon</strong></span> <span class='ocrx_word' id='word_1_280' title='bbox 793 4411 872 4476; x_wconf 89' lang='lat' dir='ltr'><strong>ticon,</strong></span> <span class='ocrx_word' id='word_1_281' title='bbox 881 4409 916 4464; x_wconf 90' lang='lat' dir='ltr'><strong>ib.</strong></span> <span class='ocrx_word' id='word_1_282' title='bbox 929 4427 955 4480; x_wconf 88' lang='lat' dir='ltr'><strong>p.</strong></span> <span class='ocrx_word' id='word_1_283' title='bbox 965 4409 1025 4464; x_wconf 88' lang='grc'><strong>317.</strong></span> 
     </span>
    </p>
   </div>
   <div class='ocr_carea' id='block_1_5' title="bbox 0 0 1662 5172">
    <p class='ocr_par' dir='ltr' id='par_1_9' title="bbox 0 0 1662 5172">
     <span class='ocr_line' id='line_1_39' title="bbox 0 0 1662 5172; baseline 0 0"><span class='ocrx_word' id='word_1_284' title='bbox 0 0 1662 5172; x_wconf 95' lang='lat' dir='ltr'><strong> </strong></span> 
     </span>
    </p>
   </div>
  </div>
 </body>
</html>
