3240 5154
350 579 413 641 l50
646 589 815 640 HISTORIA
841 587 1089 640 FUNDATIONIS

346 743 444 829 paulo
459 752 533 806 ante
555 741 694 826 paralysi
717 761 899 827 percussus,
922 739 979 803 uni
994 762 1038 802 ex
1051 739 1207 803 fratribus
1221 737 1280 823 qui
1294 759 1404 801 secum

347 847 489 922 aderant,
505 846 590 909 vices
615 867 689 909 suas
704 844 865 909 commisit
878 841 913 906 in
928 842 1096 906 electionis
1109 841 1315 927 publicandae
1329 864 1404 926 pro·

349 947 566 1012 nunciatione.
595 947 687 1016 Quas
701 947 756 1011 ille
772 946 962 1032 suscipiens,
978 967 1085 1009 coram
1099 967 1175 1030 rege
1190 945 1305 1024 astitit,
1322 945 1405 1009 etin

347 1049 534 1134 hujusmodi
547 1052 646 1114 verba
660 1049 789 1134 erupit:

184 1163 311 1216 memb
397 1151 568 1216 “Gratias
593 1152 661 1237 agit
687 1151 957 1218 excellentissime
990 1149 1120 1215 domine
1149 1149 1185 1212 in
1209 1147 1405 1214 monasterio

188 1216 211 1255 of
219 1215 254 1254 the
259 1213 295 1252 de·

186 1265 320 1318 rus-‘¹⁰¹³
347 1265 458 1318 nostro
484 1276 683 1318 commorans
706 1253 913 1338 congregatio
935 1263 1056 1330 nostra,
1078 1251 1197 1337 gratias
1222 1250 1347 1334 agimus
1371 1261 1405 1314 et

188 1315 306 1366 ueabbey,

348 1381 407 1421 nos
451 1357 508 1443 qui
540 1356 798 1441 congregationis
839 1355 892 1419 hic
925 1356 1012 1420 vices
1045 1353 1251 1440 exequimur,
1286 1353 1405 1437 gratias

348 1459 482 1546 inquam
516 1459 731 1524 communiter
759 1467 876 1522 vestrae
909 1458 1081 1522 referimus
1109 1456 1287 1533 serenitati,
1316 1456 1403 1540 quod

349 1585 423 1628 cum
451 1586 511 1626 uos
540 1574 575 1626 et
601 1563 736 1627 ecclesia
758 1572 878 1640 nostra,
908 1562 1007 1625 immo
1031 1573 1138 1626 vestra
1160 1583 1180 1624 a
1205 1558 1404 1644 principatus

348 1665 446 1730 vestri
475 1665 571 1728 initio
609 1663 802 1743 dilexeritis,
833 1663 1041 1727 dilectionem
1069 1663 1172 1748 ipsam
1193 1662 1300 1746 operis
1323 1683 1405 1724 sem-

349 1789 407 1851 per
430 1766 634 1830 exhibitione
657 1767 794 1852 probara
819 1765 942 1851 dignati
966 1765 1053 1829 estis.
1099 1764 1241 1849 Experti
1266 1785 1407 1847 namque

350 1867 526 1952 loquimur.
571 1867 689 1932 Felicis
718 1867 841 1932 etenim
862 1865 1095 1931 recordationis
1120 1865 1242 1930 domini
1264 1865 1405 1929 Walteri

351 1971 391 2034 de
418 1968 502 2034 Luci
525 1971 688 2055 quondam
709 1971 836 2035 abbatis
862 1969 965 2035 nostri
994 1970 1206 2054 temporibus,
1228 1968 1406 2032 humilitati

350 2083 469 2136 nostrae
503 2085 609 2136 vestra
637 2095 805 2158 nunquam
834 2072 943 2137 defuit
968 2071 1150 2149 sullimitas‚
1178 2089 1253 2156 quae
1281 2092 1408 2135 monas-

349 2175 424 2240 terii
460 2175 563 2240 nostri
601 2175 732 2260 negotia
761 2186 916 2260 tanquam
952 2174 1083 2260 propria
1121 2173 1245 2238 fuerint
1281 2195 1408 2258 semper

350 2277 567 2362 promovenda
589 2277 741 2356 decrevit,
765 2299 824 2340 nec
848 2277 1015 2340 libertates
1038 2275 1279 2361 dignitatesque
1303 2274 1408 2361 ipsius

350 2380 438 2462 regia
461 2379 523 2442 sibi
543 2378 736 2442 auctoritate
756 2401 776 2442 a
794 2378 908 2463 primis
928 2377 1146 2442 fundamentis
1161 2400 1325 2442 concessas
1350 2376 1408 2440 ali-

352 2491 512 2564 quatenus
540 2479 690 2543 imminui
718 2481 877 2566 permisit.
934 2479 1005 2544 Nec
1034 2491 1108 2565 post
1137 2480 1281 2565 ejusdem
1307 2477 1409 2563 patris

351 2581 453 2646 nostri
467 2582 633 2646 decessum
647 2583 731 2647 circa
744 2605 803 2647 nos
817 2583 895 2647 licet
904 2581 1082 2647 immeritos
1093 2593 1267 2668 conceptus
1277 2581 1408 2666 pietatis

351 2696 467 2749 vestrae
483 2684 592 2770 tepuit
606 2685 750 2763 affectus,
766 2708 841 2750 cum
856 2685 989 2770 quidem
1003 2695 1136 2749 vacante
1152 2686 1220 2770 jam
1235 2706 1292 2770 per
1308 2704 1408 2746 annos

353 2789 427 2851 iiiia
441 2787 573 2852 ecclesia
595 2798 704 2851 nostra
726 2788 775 2872 pii
797 2787 935 2873 pastoris
949 2787 1035 2851 vices
1056 2787 1151 2851 nobis
1173 2785 1407 2872 impenderitis,

354 2889 540 2953 necessariis
558 2890 662 2954 victus
682 2901 716 2953 et
732 2891 869 2953 vestitus
891 2890 1089 2954 sufficienter
1106 2901 1141 2954 et
1155 2889 1290 2953 honeste
1314 2887 1410 2951 nobis

354 2990 521 3069 exhibitis,
551 2990 749 3075 praescriptis
780 2991 879 3054 etiam
903 2991 1117 3077 dignitatibus
1140 3002 1174 3055 et
1203 2990 1410 3055 libertatibus

353 3091 471 3155 nostris
494 3092 529 3154 in
553 3115 611 3156 sua
633 3091 821 3177 integritate
848 3094 1051 3158 conservatis.
1098 3094 1139 3158 In
1161 3093 1212 3157 his
1234 3115 1311 3157 vero
1335 3092 1410 3176 plu-

353 3194 472 3258 rimum
497 3194 638 3274 honoris,
663 3195 712 3259 vir
734 3195 870 3260 illustris
894 3197 1044 3261 dominus
1066 3195 1228 3260 Ricardus
1251 3196 1290 3259 de
1314 3193 1410 3272 Luci,

354 3307 472 3362 vestrae
495 3296 680 3362 celsitudini
703 3297 882 3362 dinoscitur
906 3297 1090 3376 contulisse,
1125 3299 1184 3382 qui
1206 3297 1411 3361 commissum

357 3399 420 3463 sibi
434 3399 670 3486 procurationis
685 3400 840 3478 officium,
856 3410 927 3464 tum
941 3423 1000 3485 per
1014 3422 1059 3478 se,
1084 3409 1154 3462 tum
1168 3422 1228 3484 per
1248 3398 1412 3461 ministros

356 3525 431 3566 suos
455 3513 522 3566 tam
546 3501 684 3566 sollicita
699 3502 870 3565 devotione
886 3501 1014 3566 studuit
1037 3502 1121 3566 circa
1143 3523 1202 3564 uos
1223 3500 1410 3585 adimplere,

356 3616 395 3668 ut
418 3627 513 3668 nemo
538 3615 685 3668 nostrum
713 3605 830 3668 merito
856 3606 958 3689 possit
983 3605 1117 3683 causari,
1143 3605 1206 3669 sibi
1236 3605 1412 3689 quicquam

357 3728 479 3782 eorum,
497 3729 571 3790 quae
585 3705 668 3769 ratio
684 3706 827 3770 dictabat
842 3706 1103 3784 administranda,
1116 3707 1268 3771 defuisse.

402 3812 423 3842 “
436 3806 566 3872 Nostrae
581 3806 683 3892 igitur
698 3807 874 3892 exiguitati
890 3807 935 3871 sic
950 3808 1106 3873 hactenus
1120 3809 1155 3872 in
1171 3808 1321 3873 omnibus
1344 3829 1413 3871 ves·

358 3921 408 3974 tra
423 3909 677 3973 condescendere
692 3909 824 3994 dignata
839 3920 888 3974 est
902 3910 1107 3990 excellentia,
1122 3922 1161 3976 ut
1175 3910 1325 3976 desiderii
1341 3909 1414 3994 qui-

359 4013 433 4076 dem
448 4012 549 4075 nostri
560 4011 671 4090 fuerit,
687 4011 809 4076 nemini
825 4013 859 4075 in
874 4024 1039 4098 posterum
1054 4013 1118 4076 nisi
1133 4013 1224 4077 vobis
1234 4014 1375 4091 subesse,
1389 4011 1415 4074 si

359 4115 394 4178 id
403 4115 509 4198 ipsum
518 4114 601 4176 ratio
617 4113 831 4178 ecclesiastica
845 4137 923 4178 usus
938 4125 972 4180 et
986 4116 1106 4179 ordinis
1121 4115 1218 4179 vellet
1233 4114 1414 4178 admittere.

360 4216 447 4285 Quis
468 4217 554 4280 enim
568 4217 651 4280 bene
667 4216 810 4280 inbonis
825 4227 998 4302 expertum
1013 4241 1078 4282 non
1093 4218 1170 4282 satis
1184 4226 1322 4302 experto
1336 4215 1416 4278 velit

359 4329 474 4404 sponte
490 4329 685 4382 commutare
698 4320 712 4382 f
740 4319 864 4384 Verum
881 4321 1033 4404 quoniam
1048 4322 1088 4384 ab
1104 4318 1327 4385 ecclesiasticis
1341 4341 1417 4403 pro-

360 4421 447 4486 cedit
472 4420 642 4499 institutis,
668 4421 803 4506 singulis
819 4422 961 4487 ecclesiis
977 4423 1120 4507 singulos
1134 4433 1278 4509 pastores
1292 4419 1415 4506 praefici
