3240 5154
516 573 738 626 nounsrnan
765 575 813 624 oa
839 574 973 624 annno.
1209 561 1271 624 135

213 745 254 785 ne
267 723 404 786 lectores
418 723 621 787 auditoresve
636 723 736 786 nimia
746 722 936 807 prolixitate
947 723 1114 786 videamur
1125 745 1269 803 onerare,

213 824 295 886 libet
310 825 349 888 de
366 835 483 888 caetero
497 825 649 888 brevitati
663 825 821 902 insistere,
834 836 868 889 et
882 824 1034 910 prudenti
1048 825 1162 888 lectori
1176 825 1271 890 facile

213 927 433 1008 cognoscenda
443 927 537 1011 plura
551 927 661 1010 paucis
676 927 849 1010 explicare.
894 927 1091 1011 Exequcndi
1101 929 1270 1011 pastoralis

213 1027 312 1090 officii
327 1029 442 1092 modus
463 1029 493 1091 ei
511 1029 584 1091 talis
604 1029 719 1105 inerat,
737 1039 775 1091 ut
794 1029 1056 1094 inobedientibus
1080 1041 1113 1093 et
1139 1030 1270 1094 indisci-

213 1129 345 1215 plinatis
360 1131 501 1214 rigidum
523 1153 557 1194 se
580 1140 613 1194 et
636 1153 782 1194 severum
806 1131 989 1208 exhiberet,
1006 1133 1180 1198 mansuetis
1193 1156 1271 1198 vero

213 1242 247 1294 et
269 1232 496 1296 obedientibus
524 1232 715 1316 placabilem
739 1256 773 1296 se
800 1244 834 1297 et
860 1233 1047 1296 benivolum
1073 1235 1266 1299 ostenderet.

212 1332 468 1397 Misericordiam
491 1334 663 1418 plurimam
689 1335 774 1398 circa
795 1357 955 1420 pauperes
980 1335 1103 1398 habens
1129 1337 1268 1400 esuriem

210 1456 321 1498 eorum
336 1435 419 1498 datis
434 1437 630 1520 reprimebat
645 1436 817 1514 alimentis,
833 1446 867 1499 et
881 1437 1063 1500 nuditatem
1077 1440 1269 1522 protegebat

209 1535 418 1602 indumentis.
464 1537 681 1622 Leprosorum
702 1538 845 1601 maxime
868 1550 902 1603 et
916 1538 1210 1622 elephantiosorum
1229 1542 1269 1603 ab

208 1637 393 1703 hominibus
409 1639 562 1724 ejectioni
576 1639 786 1724 compatiens,
804 1662 858 1702 eos
872 1662 938 1703 non
953 1639 1058 1703 solum
1072 1663 1138 1704 non
1153 1641 1269 1705 abhor-

209 1740 312 1818 rebat,
328 1741 538 1804 verumetiam
552 1741 587 1804 in
602 1764 738 1826 persona
752 1741 882 1826 propria
896 1741 941 1805 eis
955 1742 1144 1826 frequenter
1157 1743 1268 1807 minis-

210 1851 308 1919 trans,
325 1865 436 1906 eorum
450 1865 564 1906 manus
579 1844 745 1927 pedesque
769 1843 930 1906 abluendo
945 1844 1087 1922 fovebat,
1104 1853 1138 1906 et
1151 1844 1267 1908 intimo

211 1943 353 2007 caritatis
382 1943 580 2028 pietatisque
610 1945 728 2008 affectu
756 1945 876 2008 blanda
907 1945 1016 2008 oscula
1049 1945 1266 2030 imprimebat.

211 2044 397 2128 Dignitates
411 2046 643 2162 libertatesque
659 2047 836 2110 commissae
851 2046 913 2109 sibi
928 2045 1070 2110 ecclesiae
1084 2046 1268 2112 nullatenus

212 2169 325 2231 passus
351 2158 403 2211 est
428 2148 588 2227 imminui,
618 2171 678 2212 nec
701 2171 752 2212 res
771 2148 1028 2264 possessionesve
1061 2149 1132 2233 ejus
1166 2149 1268 2232 negli

208 2250 319 2333 gentia
334 2251 468 2314 distrahr
480 2250 534 2314 vel
549 2251 707 2337 dissipari.
744 2251 861 2315 Curam
872 2273 1112 2336 possesslonum
1123 2252 1267 2316 ecclesiae
1281 2276 1321 2317 nn
1331 2277 1418 2319 aaa

208 2352 253 2414 sic
267 2352 338 2416 aliis
350 2354 583 2432 committebat,
597 2365 635 2417 ut
650 2365 758 2418 tamen
768 2355 912 2418 omnium
928 2355 997 2438 ipse
1013 2375 1122 2417 curam
1130 2367 1306 2438 gereret.
1280 2328 1337 2418 lli.
1328 2333 1408 2469 adp}
1407 2383 1429 2420 a

207 2454 411 2518 Ecclesiam
401 2479 505 2540 ipsam
521 2477 618 2541 quam
631 2457 820 2520 hostilitatis
840 2467 986 2541 tempore
1006 2457 1178 2571 regendam
1199 2480 1268 2521 sus
1280 2428 1408 2529 ‘beaw'

207 2568 346 2639 ceperat,
377 2580 451 2621 cum
478 2559 627 2621 omnibus
657 2559 723 2621 suis
754 2561 793 2622 ab
822 2557 1003 2622 hostium
994 2558 1175 2622 rncursione
1205 2583 1264 2644 pro

207 2657 330 2721 viribus
345 2660 501 2743 protexit,
518 2671 552 2723 et
567 2682 642 2743 quae
658 2660 785 2744 direpta
803 2659 934 2723 fuerant
952 2660 1159 2742 postmodum
1177 2662 1265 2744 pacis

206 2770 350 2844 tempore
364 2761 501 2825 viriliter
512 2762 683 2826 revocavit.
729 2761 847 2825 Primis
867 2760 1079 2846 promotionis
1094 2783 1162 2827 suaa
1183 2771 1264 2826 tem-

180 2859 339 2946 'poribus
375 2863 590 2948 hospitalitati
626 2887 693 2927 non
728 2885 963 2947 usquequaque
997 2862 1107 2947 potuit
1141 2885 1263 2942 vacare,

206 2963 328 3049 quippe
355 2988 428 3030 cum
458 2967 520 3030 sibi
549 2990 658 3030 rerum
685 2966 823 3030 facultas
851 2966 1014 3030 videretur
1042 2965 1162 3029 deesse.
1209 2965 1264 3030 Sic

206 3065 295 3128 enim
320 3089 415 3151 paene
439 3081 556 3132 cuncta
583 3092 657 3154 quae
683 3068 869 3132 monasterii
893 3077 984 3131 erant
1005 3089 1118 3130 manus
1136 3067 1262 3130 hostilis

203 3167 374 3246 invaserat,
390 3179 428 3232 ut
441 3170 604 3234 modicum
622 3170 705 3234 illud
731 3170 820 3253 quod
833 3170 1003 3232 videbatur
1028 3191 1205 3252 superesse,
1221 3170 1263 3234 ad

203 3269 473 3355 qualemcumque
488 3271 756 3335 sustentationem
770 3271 907 3334 fratrum
915 3271 973 3332 vix
981 3280 1091 3353 posset
1103 3269 1260 3336 sufficere.

203 3370 297 3434 Pacis
311 3373 517 3456 postmodum
532 3383 676 3457 ternpore
692 3395 765 3434 cum
777 3373 845 3455 jam
860 3370 999 3455 plurima
1022 3381 1170 3454 exparte
1186 3370 1262 3434 licet
1316 3401 1325 3410 ·

202 3495 278 3536 cum
306 3473 415 3537 nimiis
450 3473 616 3536 laboribus
646 3483 680 3536 et
709 3471 860 3556 expensis
891 3471 1043 3534 distracta
1071 3483 1259 3550 revocasset,

202 3575 316 3639 domus
338 3599 406 3640 suae
427 3586 547 3639 statum
567 3575 602 3637 in
625 3574 742 3638 melius
766 3584 975 3653 commutans,
997 3574 1147 3659 antiquas
1170 3576 1261 3640 debi-

201 3687 315 3762 tasque
341 3679 591 3743 consuetudines
610 3676 766 3754 restituit,
793 3676 840 3740 ita
860 3675 993 3759 quidem
1015 3685 1054 3740 ut
1074 3677 1161 3742 omni
1186 3679 1259 3764 pul-

202 3781 285 3843 santi
304 3781 495 3864 aperiretur,
511 3779 741 3865 hospitalitatis
761 3779 956 3842 beneficium
973 3779 1140 3863 postulans
1163 3802 1259 3843 nemo

201 3882 362 3966 repulsam
377 3894 553 3968 pateretur,
570 3883 720 3946 omnibus
739 3903 798 3965 pro
821 3881 979 3964 dignitate
995 3903 1054 3943 seu
1074 3879 1260 3944 conditione

200 4005 408 4066 personarum
423 3983 566 4046 officium
575 3981 786 4046 humanitatis
798 3981 1017 4045 exhiberetur.
1055 3980 1260 4044 Visitationis

199 4086 304 4169 gratia
318 4085 462 4148 ecclesiae
477 4105 545 4147 suae
561 4084 702 4147 maneria
715 4083 904 4167 frequenter
918 4083 1009 4160 adiit,
1021 4104 1086 4145 non
1100 4081 1175 4166 plus
1189 4081 1260 4144 aliis

167 4183 170 4190 ’
201 4187 334 4250 credens
364 4187 404 4250 de
428 4187 524 4250 rebus
551 4185 613 4249 sibi
638 4184 814 4248 commissis
841 4206 937 4267 quam
961 4184 1036 4261 sibi,
1064 4194 1097 4246 et
1121 4183 1155 4246 in
1181 4183 1259 4267 ipsis

200 4289 339 4353 aedificia
353 4288 577 4373 quorumlibet
590 4297 764 4372 potentum
778 4307 814 4348 ac
834 4285 995 4348 nobilium
1017 4285 1163 4369 receptui
1184 4296 1260 4370 apta

201 4392 344 4456 construi
360 4391 449 4455 fecit.
496 4390 652 4455 Maneriis
672 4388 750 4473 ipsis
774 4387 809 4450 in
832 4386 966 4451 diversis
985 4398 1019 4450 et
1038 4387 1170 4452 remotis
1188 4409 1261 4472 par-
