3240 5154
513 587 735 639 uonrsrnnrr
761 585 811 637 nn
836 587 964 638 annno,
1202 570 1262 634 161

209 748 352 817 venerat,
368 738 658 822 praedecessoribus
673 739 740 802 suis
752 739 926 802 'abbatibus
937 736 1147 822 ab'episcopis
1158 736 1265 802 Cices-

210 840 373 908 trensibus
388 839 542 924 frequens
565 850 599 902 et
623 839 799 924 multiplex
820 840 912 903 illata
930 839 1070 918 vexati0,
1088 839 1265 904 cavendum

210 941 274 1004 sibi
296 941 490 1006 omnimodis
510 941 663 1020 decrevit,
688 963 728 1004 ne
749 941 785 1005 in
799 939 1033 1004 benedictionis
1048 935 1263 1025 susceptione,

209 1043 262 1108 vel
287 1044 482 1112 obedientiae
507 1043 718 1130 professione,
741 1043 916 1128 quicquam
936 1063 1142 1128 praepropere
1157 1043 1261 1122 fieret,

210 1147 354 1232 quesibi
373 1147 477 1210 simile
492 1146 681 1230 aliquidve]
697 1147 839 1210 deterius
860 1145 1070 1230 contingeret.
1108 1144 1263 1211 -Advenit

207 1250 285 1313 illuc
298 1249 423 1314 interea
436 1271 454 1312 a
468 1247 661 1313 Cicestrensi
676 1249 827 1334 episcopo
841 1247 863 1310 J
862 1249 989 1312 ohanne
1002 1249 1142 1312 directus
1155 1247 1263 1314 Cices-

208 1352 323 1416 trensis
345 1351 487 1415 ecclesiae
510 1351 650 1416 decanus
664 1350 827 1416 Jordanus
846 1375 921 1416 cum
939 1351 1134 1435 quibusdam
1149 1373 1262 1415 conca-

205 1454 328 1519 nonicis
352 1453 429 1532 suis
453 1464 492 1518 ut
512 1454 651 1518 electum
671 1455 821 1518 abbatem
836 1470 934 1538 super
947 1450 1172 1516 benedictione
1188 1476 1262 1537 per-

204 1555 354 1642 cipienda
376 1555 596 1635 convenirent,
620 1557 755 1641 ejusque
782 1556 882 1620 animi
904 1555 1105 1640 propositum
1130 1555 1261 1640 indaga-

203 1668 285 1722 rent.
331 1657 482 1723 Quorum
506 1657 663 1720 adventus
678 1679 774 1721 causa
791 1657 921 1742 plenius
941 1658 1106 1722 audita'et
1118 1658 1259 1743 cognita,

203 1759 326 1822 electus
354 1758 423 1842 ipse
450 1757 618 1823 electionis
642 1779 710 1823 suae
734 1781 794 1845 per
823 1781 959 1844 regnum
985 1769 1019 1824 et
1044 1759 1260 1824 sacerdotium

202 1861 297 1924 factae
312 1861 445 1924 modum
459 1869 493 1924 et
508 1859 653 1925 ordinem
668 1863 714 1926 eis
729 1863 892 1947 exposuit,
907 1885 1005 1946 seque
1020 1873 1115 1926 extra
1128 1862 1213 1946 regis
1227 1857 1260 1927 et

203 1962 436 2047 archiepiscopi
459 1963 687 2029 conscientiam
712 1965 795 2028 nihil
818 1965 894 2029 inde
909 1965 1071 2028 facturum
1092 1987 1160 2028 esse
1176 1987 1259 2028 asse-

204 2064 282 2144 ruit,
310 2065 451 2128 maxime
474 2087 547 2129 cum
569 2066 611 2129 id·
624 2067 659 2130 in
679 2089 712 2130 se
732 2066 850 2131 babere
873 2067 1060 2142 viderentur
1074 2069 1260 2131 monasterii

207 2167 385 2244 libertates»,
412 2167 501 2251 quod
522 2167 644 2233 electus
665 2169 764 2233 abbas
787 2169 821 2232 in
840 2191 900 2233 suo
915 2171 1110 2234 monasterio
1125 2171 1260 2235 deberet

203 2269 363 2348 benedici,
379 2269 463 2332 sicut
482 2271 623 2356 primum
646 2273 796 2336 abbatem
812 2271 1034 2338 Gausbertum
1050 2271 1263 2337 Cicestrensis'

200 2373 370 2460 episcopus
393 2372 587 2437 benedixit
616 2373 663 2438 Et
684 2385 723 2438 ut
745 2377 898 2462 majorem
923 2375 1091 2440 assertioni
1117 2398 1185 2440 suae
1211 2376 1259 2439 sa-

201 2485 289 2540 ceret
316 2473 425 2552 fidem,
457 2484 559 2538 cartas
588 2477 773 2540 monasterii
810 2477 951 2562 idipsum
988 2478 1191 2542 continentes
1223 2479 1258 2543 in

201 2599 313 2642 eorum
334 2575 508 2660 praesentia
533 2576 613 2639 fecit
634 2576 794 2641 exhiberi.
840 2576 991 2640 Dimissis
1005 2577 1117 2662 itaque
1132 2578 1257 2642 clericis
1270 2594 1389 2685 gregato

201 2689 277 2767 post
295 2675 458 2741 modicum
469 2676 555 2743 idem
571 2677 691 2742 electus
706 2701 816 2762 regem
831 2687 865 2742 et
876 2677 1152 2763 archiepiscopum
1167 2680 1259 2760 adiit,
1295 2657 1307 2686 ⁰
1339 2658 1387 2698 Μ’

200 2805 269 2847 rem
291 2789 394 2844 totam
415 2777 461 2842 eis
482 2779 646 2865 exposuit,
660 2779 757 2844 ¹nolle
780 2803 813 2844 se
834 2802 975 2845 asserens
995 2781 1121 2865 aliquid
1141 2805 1200 2866 per
1223 2806 1257 2846 se

200 2897 320 2950 temere
346 2890 552 2966 attemptare,
586 2906 652 2968 quo
677 2882 864 2947 monasterii
896 2883 1070 2968 dignitates
1093 2883 1258 2950 videretur

199 2988 400 3056 imminuere.
437 2982 633 3050 Persuasum
655 2995 705 3050 est
718 2987 830 3071 itaque
847 2985 978 3050 domino
992 2987 1062 3071 regi
1077 2987 1117 3050 ab
1132 2987 1183 3052 his
1199 2989 1257 3074 qui

203 3103 294 3155 erant
316 3115 335 3155 a
349 3093 461 3171 latere,
478 3102 517 3154 ut
531 3114 550 3155 a
565 3088 713 3174 quolibet
728 3089 952 3174 episcoporum
969 3111 1101 3154 suorum
1116 3089 1256 3156 electum

198 3192 305 3277 ipsum
321 3192 355 3256 in
375 3218 434 3259 sua
454 3195 576 3258 faceret
596 3190 744 3254 benedici
764 3191 936 3274 praesentia
952 3214 993 3254 ne
1016 3191 1045 3254 si
1068 3191 1146 3255 alias
1161 3203 1256 3256 extra

197 3295 282 3380 regis
298 3297 504 3380 praesentiam
523 3291 781 3369 benediceretur,
797 3291 906 3375 aliqua
917 3291 1001 3355 forte
1016 3292 1167 3356 adversus
1180 3316 1255 3358 eum

197 3420 255 3483 per
272 3399 459 3484 episcopum
483 3405 517 3461 et
540 3393 709 3460 canonicos
725 3389 940 3457 Cicestrenses
959 3395 1174 3459 controversia
1196 3419 1255 3460 ex-

196 3500 360 3580 citaretur,
386 3513 453 3588 qua'
475 3499 683 3586 postmodum
708 3495 874 3560 vexationi
896 3495 1108 3561 subiceretur.
1155 3493 1254 3565 Quod

195 3624 269 3666 curn
292 3626 387 3668 nemo
399 3605 434 3668 in
449 3601 622 3689 praesentia
637 3596 721 3685 regis
735 3609 947 3685 praesumeret
960 3595 1164 3686 attemptare,
1179 3625 1253 3688 pos-

194 3717 266 3769 sent
281 3706 388 3770 omnia
403 3729 476 3771 cum
491 3729 569 3792 pace
585 3702 810 3780 consummari,
834 3698 947 3766 relicta
969 3703 1107 3788 posteris
1131 3726 1253 3768 memo-

192 3807 241 3871 ria
254 3807 301 3893 pii
321 3809 466 3884 affectus,
483 3819 517 3872 et
531 3808 629 3892 regiae
643 3804 853 3892 protectionis
868 3805 908 3868 ad
919 3802 1148 3869 monasterium
1165 3806 1252 3889 quod

192 3919 242 3974 est
255 3929 381 3973 coronae
396 3911 495 3995 regiae
511 3910 648 3993 signum.

234 4010 419 4077 Videbatur
445 4012 489 4074 sic
513 4010 781 4096 persuadentibus
795 4016 854 4074 rex
879 4033 1043 4073 assensum
1064 4009 1147 4073 velle
1166 4029 1250 4095 prae-
1262 4027 1391 4071 winwaoa

1262 4084 1348 4120 consent
1356 4081 1383 4121 he

191 4115 279 4192 bere,
308 4135 382 4177 oum
408 4111 649 4178 Cantuariensis
675 4111 934 4196 archiepiscopus
957 4110 1118 4175 Ricardus
1141 4111 1249 4197 ipsum
1261 4129 1392 4219 Ἥψ-

190 4219 329 4282 electum
344 4217 556 4282 benedicendi
572 4239 591 4279 a
607 4216 736 4280 domino
750 4211 824 4300 rege
840 4215 1004 4278 licentiam
1026 4215 1124 4299 petiit
1138 4225 1171 4278 et
1188 4216 1248 4280 im·
1260 4190 1365 4290 inueni

188 4321 339 4406 patravit,
367 4320 491 4384 nullam
515 4341 548 4383 se
572 4341 714 4382 asserens
740 4318 800 4382 hoc
826 4328 979 4403 appetere
1006 4318 1248 4384 consuetudinis
1260 4279 1397 4397 mltis·

1093 4441 1118 4484 M
