3260 5172
544 539 766 593 MONASTERII
791 543 839 592 Du
865 543 990 592 BELLO.
1256 530 1296 590 25

244 690 339 770 cinio,
355 703 389 756 et
404 693 491 756 omni
500 695 733 757 consuetudine
749 705 886 757 terrenae
901 693 1075 771 servitutis,
1092 702 1126 755 et
1136 693 1187 755 ab
1210 691 1297 754 omni

161 813 165 819 “
243 794 414 858 exactione
438 804 472 856 et
487 795 698 880 'subjectione
724 796 948 880 episcoporum
970 794 1146 872 Cicestriae‚
1163 804 1197 856 et
1219 816 1298 877 qua·

243 895 397 959 rumlibet
418 918 631 980 personarum,
648 896 885 974 dominatione3
910 897 957 960 ita
971 907 1010 959 ut
1023 896 1155 974 nullius,
1178 905 1298 979 praeter

243 997 368 1060 abbatis
399 1007 433 1060 et
458 996 687 1060 monachorum
712 999 793 1083 ejus,
828 997 945 1061 ditioni
972 998 1146 1082 subjaceat,
1172 1019 1232 1059 nec
1262 996 1297 1059 in

243 1097 313 1181 ipsa
327 1098 379 1160 vel
392 1099 427 1161 in
447 1098 556 1182 aliqua
570 1099 713 1184 ejusdem
737 1099 879 1162 ecclesiae
903 1100 1101 1184 possessione
1118 1098 1297 1184 quisquam

243 1199 399 1283 placitari,
408 1205 473 1264 ‘aut
487 1200 606 1279 venari,
623 1200 859 1285 vel'quodlibet
873 1201 1039 1285 negotium
1055 1221 1205 1264 exercere
1228 1199 1296 1262 sine

242 1301 450 1384 permissione
477 1312 662 1387 praesumat,
686 1325 782 1387 super
806 1301 1043 1366 forisfacturam
1068 1300 1209 1386 regiam3
1236 1323 1296 1364 nec

242 1403 340 1469 etiarn
355 1404 381 1466 si
397 1427 472 1467 casu
488 1397 808 1489 quicquam'captum
822 1403 923 1468 fuerit
938 1405 1100 1483 efferatur,
1117 1404 1174 1467 sed
1196 1403 1296 1467 eccle·

243 1503 299 1568 siae
321 1505 373 1570 sit.

227 1675 231 1684 ¹
287 1604 416 1671 Interea
447 1605 613 1671 nonnullis
634 1606 712 1672 illuc
734 1607 900 1691 religionis
920 1606 1081 1671 desiderio
1106 1607 1297 1670 confluenti-

242 1709 312 1796 bus,
352 1709 597 1795 quampluribus
634 1709 731 1772 etiam
762 1709 880 1773 liberos
902 1731 976 1773 suos
1012 1709 1047 1772 in
1084 1707 1149 1772 Dei
1177 1708 1297 1772 instru-

243 1812 342 1875 endos
377 1811 508 1875 servitio
546 1811 767 1890 offerentibus,
805 1811 948 1882 ecclesiae
986 1810 1122 1875 utilitati
1151 1833 1210 1896 per
1231 1811 1296 1876 sin-

242 1913 320 1996 gula
345 1913 516 1977 intendens
546 1935 617 1989 rex,
645 1935 688 1975 ex
712 1913 763 1977 his
789 1936 869 1998 quos
898 1937 917 1977 a
946 1913 1067 1999 Majori
1097 1903 1298 1977 Monasterio

142 2069 145 2072 .
244 2013 402 2077 acciverat
417 2015 577 2097 quendam
591 2014 794 2092 monachum,
809 2015 959 2098 equidem
983 2007 1152 2077 strenuum
1174 2025 1208 2077 et
1223 2015 1297 2078 reli-

110 2105 113 2112 ’
189 2185 192 2192 ¹
243 2114 333 2198 gioni
358 2113 498 2176 maxime
526 2113 683 2193 deditum,
711 2114 931 2179 Gausbertum
960 2117 1101 2193 nomine,
1130 2107 1297 2201 praedictae

70 2295 76 2303 ι
109 2220 113 2226 “
161 2277 163 2282 ,
243 2215 387 2278 ecclesiae
402 2215 551 2278 abbatem
566 2216 731 2300 praefecit3
757 2239 794 2280 ea
809 2227 916 2281 tamen
932 2218 1125 2297 conditione,
1142 2228 1181 2281 ut
1195 2218 1298 2282 nulla-

243 2327 338 2379 tenus
353 2317 423 2401 ipse
438 2317 490 2380 vel
503 2339 722 2381 successorum
737 2319 807 2403 ejus
829 2318 946 2402 aliquis
962 2318 1082 2405 Majori
1098 2316 1305 2384 Monasterio'

242 2419 442 2504 subjaceret3
474 2419 531 2482 sed
555 2429 594 2482 ut
620 2420 809 2504 religionem
841 2420 961 2484 ibidem
994 2420 1097 2486 adhuc
1126 2422 1295 2502 novellam,

242 2543 301 2584 sua
333 2520 506 2606 prudentia
554 2521 596 2584 ad
625 2523 805 2606 perfectrun
830 2519 1042 2607 perduceret,
1084 2534 1182 2610 atque
1223 2536 1297 2610 post

242 2622 348 2707 ipsum
373 2622 475 2686 ¹omni
507 2632 651 2708 tempore
682 2647 779 2709 quem
817 2624 879 2688 sibi
920 2648 1051 2690 concors
1090 2627 1295 2711 congregatio

241 2724 378 2787 fratrum
414 2723 603 2808 regulariter
636 2723 782 2810 elegerit,
822 2727 862 2791 de
901 2729 1011 2791 eadem
1035 2729 1295 2812 congregatione,

242 2817 385 2890 eeclesiae
412 2825 499 2890 Belli
526 2849 599 2890 cum
624 2827 709 2912 regis
742 2827 909 2892 voluntate
935 2830 1031 2894 abbas
1063 2830 1260 2893 succederet.

287 2926 473 2992 Gausberto
503 2927 614 3013 itaque
638 2929 752 3008 electo,
777 2953 850 2994 cum
877 2931 1017 3010 adeum
1042 2931 1296 2996 benedicendum
1309 2976 1379 3018 Abho,
1392 2978 1459 3016 effi,

214 3118 219 3125 .
243 3030 412 3115 episcopus
447 3029 656 3097 cicestrensis
687 3031 862 3116 Stigandus
890 3033 1075 3098 nullatenus
1114 3035 1296 3112 assentiret,
1309 3027 1362 3070 Μ

242 3132 304 3194 nisi
328 3132 516 3196 cicestriam
538 3133 776 3196 benedicendus
798 3134 912 3213 adiret,
935 3157 1043 3222 regem
1065 3135 1127 3199 hac
1141 3137 1180 3199 de
1203 3159 1299 3201 causa

243 3233 396 3318 providus
411 3234 509 3296 abbas
524 3245 617 3298 caute
632 3235 751 3311 adivit3
775 3257 902 3298 causam
925 3235 1089 3320 exposuit,
1107 3237 1187 3320 quid
1201 3260 1297 3320 agen-

244 3335 321 3397 dum
343 3333 429 3397 foret
447 3333 625 3418 inquisivit.
680 3335 757 3402 Quo
779 3336 919 3420 cognit0,
942 3337 1128 3419 indignatus
1148 3359 1208 3400 rex
1229 3339 1298 3422 epi·

243 3459 340 3520 scopo
366 3435 592 3499 interminatus
612 3436 780 3521 praecepit,
802 3437 956 3520 quatinus
971 3438 1119 3500 abbatem
1137 3437 1174 3500 'in
1196 3433 1297 3502 eccle-¹

242 3538 290 3601 sia
326 3538 428 3602 sancti
459 3537 596 3624 Martini
631 3539 672 3602 de
703 3538 807 3617 Bell0,
845 3538 932 3602 omni
968 3550 1090 3602 remota
1127 3538 1296 3620 calumnia,

241 3641 461 3718 benedicerem
478 3664 517 3704 eo
529 3640 627 3704 etiam
638 3641 743 3718 modo,
755 3650 793 3704 ut
801 3640 868 3704 illic
877 3641 956 3725 ipse,
969 3641 1020 3704 vel
1028 3663 1159 3705 suorum
1167 3641 1295 3726 aliquis,

243 3745 354 3807 eodem
380 3743 432 3807 die
456 3767 499 3808 ex
523 3743 756 3807 consuetudine
782 3736 840 3807 nec
863 3743 1081 3828 hospitaretur
1106 3767 1165 3807 nec
1188 3745 1296 3808 cibum

244 3846 374 3928 quidem
397 3855 549 3923 sumeret,
565 3845 600 3908 in
623 3845 843 3910 testimonium
858 3846 1008 3910 videlicet
1029 3839 1189 3909 libertatis
1211 3848 1296 3930 ejus-

243 3948 316 4010 dem
346 3945 518 4011 ecclesiae.¹
546 3945 681 4010 Factum
710 3958 760 4011 est
785 3970 880 4030 erg03
916 3941 949 4010 et
973 3949 1089 4010 abbate
1113 3947 1296 4011 Gausberto

244 4060 318 4112 ante
344 4049 444 4112 altare
470 4051 572 4112 sancti
593 4050 730 4113 Martini
756 4051 795 4112 de
811 4049 905 4112 Bello
929 4048 1110 4124 benedict0,
1133 4057 1232 4131 atque
1262 4049 1296 4111 in

242 4151 349 4214 locum
376 4172 471 4213 suum
486 4152 525 4214 ab
541 4151 693 4235 episcopo
709 4149 1076 4226 collocat0„memoriale
1091 4150 1132 4212 ad
1153 4159 1297 4234 posteros

242 4253 379 4330 transiit,
396 4252 563 4316 ecclesiam
583 4253 622 4316 de
637 4251 731 4314 Bello
753 4252 793 4314 ab
817 4251 904 4313 omni
927 4251 1096 4314 exactione
1118 4262 1151 4316 et
1173 4252 1297 4337 subjec-

244 4355 331 4419 tione
348 4355 571 4441 episcoporum
588 4353 751 4418 Cicestriae
766 4347 899 4416 liberam
914 4377 992 4432 esse,
1009 4353 1093 4419 sicut
1106 4354 1297 4440 dominicam
