<?xml version="1.0" encoding="UTF-8"?>
<!DOCTYPE html PUBLIC "-//W3C//DTD XHTML 1.0 Transitional//EN"
    "http://www.w3.org/TR/xhtml1/DTD/xhtml1-transitional.dtd">
<html xmlns="http://www.w3.org/1999/xhtml" xml:lang="en" lang="en">
 <head>
  <title>
</title>
<meta http-equiv="Content-Type" content="text/html;charset=utf-8" />
  <meta name='ocr-system' content='tesseract 3.04.00' />
  <meta name='ocr-capabilities' content='ocr_page ocr_carea ocr_par ocr_line ocrx_word'/>
</head>
<body>
  <div class='ocr_page' id='page_1' title='image "./chroniconmonast01abbegoog_0162.png"; bbox 0 0 3278 5162; ppageno 0'>
   <div class='ocr_carea' id='block_1_1' title="bbox 388 560 1232 622">
    <p class='ocr_par' dir='ltr' id='par_1_1' title="bbox 388 560 1232 622">
     <span class='ocr_line' id='line_1_1' title="bbox 388 560 1232 622; baseline 0 -2"><span class='ocrx_word' id='word_1_1' title='bbox 388 560 451 621; x_wconf 82' lang='lat'>118</span> <span class='ocrx_word' id='word_1_2' title='bbox 683 569 852 622; x_wconf 79' lang='lat' dir='ltr'><strong>HISTORIA</strong></span> <span class='ocrx_word' id='word_1_3' title='bbox 877 569 1126 622; x_wconf 82' lang='lat' dir='ltr'>FUNDA&#39;I&#39;IONIS</span> <span class='ocrx_word' id='word_1_4' title='bbox 1227 560 1232 568; x_wconf 70' lang='grc'><em>’</em></span> 
     </span>
    </p>
   </div>
   <div class='ocr_carea' id='block_1_2' title="bbox 226 721 1447 1046">
    <p class='ocr_par' dir='ltr' id='par_1_2' title="bbox 227 721 1447 1009">
     <span class='ocr_line' id='line_1_2' title="bbox 386 721 1447 808; baseline -0.003 -23"><span class='ocrx_word' id='word_1_5' title='bbox 386 724 516 800; x_wconf 82' lang='lat' dir='ltr'>bantur,</span> <span class='ocrx_word' id='word_1_6' title='bbox 540 745 638 808; x_wconf 89' lang='lat' dir='ltr'>super</span> <span class='ocrx_word' id='word_1_7' title='bbox 666 722 853 808; x_wconf 88' lang='lat' dir='ltr'>hujusmodi</span> <span class='ocrx_word' id='word_1_8' title='bbox 882 721 1129 805; x_wconf 81' lang='lat' dir='ltr'>fatigationibus</span> <span class='ocrx_word' id='word_1_9' title='bbox 1153 741 1364 805; x_wconf 89' lang='lat' dir='ltr'>conquerens,</span> <span class='ocrx_word' id='word_1_10' title='bbox 1395 721 1447 805; x_wconf 93' lang='lat' dir='ltr'>ip-</span> 
     </span>
     <span class='ocr_line' id='line_1_3' title="bbox 388 821 1444 908; baseline 0.001 -23"><span class='ocrx_word' id='word_1_11' title='bbox 388 846 460 886; x_wconf 94' lang='lat' dir='ltr'>sum</span> <span class='ocrx_word' id='word_1_12' title='bbox 490 822 695 908; x_wconf 86' lang='lat' dir='ltr'>Haymonem</span> <span class='ocrx_word' id='word_1_13' title='bbox 725 832 854 886; x_wconf 88' lang='lat' dir='ltr'>accusat</span> <span class='ocrx_word' id='word_1_14' title='bbox 878 832 917 885; x_wconf 92' lang='lat' dir='ltr'>ut</span> <span class='ocrx_word' id='word_1_15' title='bbox 945 822 1046 886; x_wconf 86' lang='lat' dir='ltr'>illatae</span> <span class='ocrx_word' id='word_1_16' title='bbox 1074 821 1241 885; x_wconf 89' lang='lat' dir='ltr'>violentiae</span> <span class='ocrx_word' id='word_1_17' title='bbox 1267 833 1444 887; x_wconf 85' lang='lat' dir='ltr'>auctorem.</span> 
     </span>
     <span class='ocr_line' id='line_1_4' title="bbox 226 922 1447 1046; baseline 0 -62"><span class='ocrx_word' id='word_1_18' title='bbox 226 946 272 1046; x_wconf 72' lang='lat' dir='ltr'>ps</span> <span class='ocrx_word' id='word_1_19' title='bbox 253 944 369 1046; x_wconf 50' lang='lat' dir='ltr'>popose-</span> <span class='ocrx_word' id='word_1_20' title='bbox 389 925 494 1009; x_wconf 88' lang='lat' dir='ltr'>Regia</span> <span class='ocrx_word' id='word_1_21' title='bbox 517 948 593 1008; x_wconf 89' lang='lat' dir='ltr'>ergo</span> <span class='ocrx_word' id='word_1_22' title='bbox 619 925 811 989; x_wconf 89' lang='lat' dir='ltr'>auctoritate</span> <span class='ocrx_word' id='word_1_23' title='bbox 828 924 897 987; x_wconf 88' lang='lat' dir='ltr'>dies</span> <span class='ocrx_word' id='word_1_24' title='bbox 920 923 1113 1007; x_wconf 85' lang='lat' dir='ltr'>praefigitur,</span> <span class='ocrx_word' id='word_1_25' title='bbox 1139 943 1206 1005; x_wconf 93' lang='lat' dir='ltr'>quo</span> <span class='ocrx_word' id='word_1_26' title='bbox 1221 923 1343 1007; x_wconf 89' lang='lat' dir='ltr'>pariter</span> <span class='ocrx_word' id='word_1_27' title='bbox 1357 922 1447 1007; x_wconf 90' lang='lat' dir='ltr'>apud</span> 
     </span>
    </p>
   </div>
   <div class='ocr_carea' id='block_1_3' title="bbox 226 995 1535 4359">
    <p class='ocr_par' dir='ltr' id='par_1_3' title="bbox 226 995 1535 4359">
     <span class='ocr_line' id='line_1_5' title="bbox 226 995 1446 1142; baseline 0.002 -58.007"><span class='ocrx_word' id='word_1_28' title='bbox 226 995 340 1142; x_wconf 49' lang='lat' dir='ltr'>{mat</span> <span class='ocrx_word' id='word_1_29' title='bbox 346 999 577 1090; x_wconf 69' lang='lat' dir='ltr'>toLundonias</span> <span class='ocrx_word' id='word_1_30' title='bbox 601 1029 700 1090; x_wconf 88' lang='lat' dir='ltr'>abbas</span> <span class='ocrx_word' id='word_1_31' title='bbox 722 1036 756 1089; x_wconf 92' lang='lat' dir='ltr'>et</span> <span class='ocrx_word' id='word_1_32' title='bbox 786 1027 873 1089; x_wconf 90' lang='lat' dir='ltr'>idem</span> <span class='ocrx_word' id='word_1_33' title='bbox 901 1025 1031 1109; x_wconf 83' lang='lat' dir='ltr'>Haymo</span> <span class='ocrx_word' id='word_1_34' title='bbox 1058 1023 1261 1101; x_wconf 89' lang='lat' dir='ltr'>conveniant,</span> <span class='ocrx_word' id='word_1_35' title='bbox 1287 1024 1341 1086; x_wconf 93' lang='lat' dir='ltr'>hic</span> <span class='ocrx_word' id='word_1_36' title='bbox 1369 1047 1446 1087; x_wconf 91' lang='lat' dir='ltr'>con-</span> 
     </span>
     <span class='ocr_line' id='line_1_6' title="bbox 259 1107 1447 1214; baseline -0.001 -25"><span class='ocrx_word' id='word_1_37' title='bbox 259 1107 316 1134; x_wconf 62' lang='lat' dir='ltr'>m</span> <span class='ocrx_word' id='word_1_38' title='bbox 390 1129 593 1211; x_wconf 87' lang='lat' dir='ltr'>questionem</span> <span class='ocrx_word' id='word_1_39' title='bbox 614 1151 706 1192; x_wconf 89' lang='lat' dir='ltr'>suam</span> <span class='ocrx_word' id='word_1_40' title='bbox 719 1138 961 1214; x_wconf 86' lang='lat' dir='ltr'>prosecuturus,</span> <span class='ocrx_word' id='word_1_41' title='bbox 985 1126 1041 1190; x_wconf 92' lang='lat' dir='ltr'>ille</span> <span class='ocrx_word' id='word_1_42' title='bbox 1064 1147 1286 1210; x_wconf 74' lang='lat' dir='ltr'>responsurus</span> <span class='ocrx_word' id='word_1_43' title='bbox 1330 1125 1395 1188; x_wconf 93' lang='lat' dir='ltr'>Die</span> <span class='ocrx_word' id='word_1_44' title='bbox 1411 1137 1447 1189; x_wconf 94' lang='lat' dir='ltr'>et</span> 
     </span>
     <span class='ocr_line' id='line_1_7' title="bbox 389 1226 1445 1311; baseline -0.001 -19"><span class='ocrx_word' id='word_1_45' title='bbox 389 1230 461 1292; x_wconf 88' lang='lat' dir='ltr'>loco</span> <span class='ocrx_word' id='word_1_46' title='bbox 476 1230 690 1294; x_wconf 83' lang='lat' dir='ltr'>determinato</span> <span class='ocrx_word' id='word_1_47' title='bbox 704 1232 796 1294; x_wconf 87' lang='lat' dir='ltr'>adest</span> <span class='ocrx_word' id='word_1_48' title='bbox 811 1231 908 1293; x_wconf 88' lang='lat' dir='ltr'>abbas</span> <span class='ocrx_word' id='word_1_49' title='bbox 924 1251 998 1292; x_wconf 89' lang='lat' dir='ltr'>cum</span> <span class='ocrx_word' id='word_1_50' title='bbox 1013 1227 1090 1304; x_wconf 90' lang='lat' dir='ltr'>suis,</span> <span class='ocrx_word' id='word_1_51' title='bbox 1113 1249 1174 1290; x_wconf 89' lang='lat' dir='ltr'>nec</span> <span class='ocrx_word' id='word_1_52' title='bbox 1189 1228 1280 1289; x_wconf 90' lang='lat' dir='ltr'>adest</span> <span class='ocrx_word' id='word_1_53' title='bbox 1302 1226 1445 1311; x_wconf 88' lang='lat' dir='ltr'>Haymo,</span> 
     </span>
     <span class='ocr_line' id='line_1_8' title="bbox 391 1327 1446 1408; baseline -0.003 -14"><span class='ocrx_word' id='word_1_54' title='bbox 391 1333 448 1395; x_wconf 90' lang='lat' dir='ltr'>sed</span> <span class='ocrx_word' id='word_1_55' title='bbox 471 1342 695 1396; x_wconf 87' lang='lat' dir='ltr'>excusatorem</span> <span class='ocrx_word' id='word_1_56' title='bbox 709 1332 853 1408; x_wconf 89' lang='lat' dir='ltr'>mittens,</span> <span class='ocrx_word' id='word_1_57' title='bbox 879 1353 912 1392; x_wconf 91' lang='lat' dir='ltr'>se</span> <span class='ocrx_word' id='word_1_58' title='bbox 927 1352 969 1393; x_wconf 91' lang='grc'>11</span> <span class='ocrx_word' id='word_1_59' title='bbox 984 1329 1052 1392; x_wconf 91' lang='lat' dir='ltr'>illic</span> <span class='ocrx_word' id='word_1_60' title='bbox 1078 1329 1249 1391; x_wconf 87' lang='lat' dir='ltr'>interesset</span> <span class='ocrx_word' id='word_1_61' title='bbox 1263 1327 1362 1390; x_wconf 92' lang='lat' dir='ltr'>finxit</span> <span class='ocrx_word' id='word_1_62' title='bbox 1376 1351 1446 1391; x_wconf 89' lang='lat' dir='ltr'>cor-</span> 
     </span>
     <span class='ocr_line' id='line_1_9' title="bbox 390 1429 1446 1518; baseline -0.003 -22"><span class='ocrx_word' id='word_1_63' title='bbox 390 1434 479 1518; x_wconf 89' lang='lat' dir='ltr'>poris</span> <span class='ocrx_word' id='word_1_64' title='bbox 493 1433 706 1496; x_wconf 89' lang='lat' dir='ltr'>invalitudine</span> <span class='ocrx_word' id='word_1_65' title='bbox 723 1433 872 1496; x_wconf 87' lang='lat' dir='ltr'>detineri.</span> <span class='ocrx_word' id='word_1_66' title='bbox 918 1430 966 1494; x_wconf 93' lang='lat' dir='ltr'>Hi</span> <span class='ocrx_word' id='word_1_67' title='bbox 981 1453 1058 1494; x_wconf 91' lang='lat' dir='ltr'>vero</span> <span class='ocrx_word' id='word_1_68' title='bbox 1073 1430 1132 1513; x_wconf 91' lang='lat' dir='ltr'>qui</span> <span class='ocrx_word' id='word_1_69' title='bbox 1143 1429 1242 1493; x_wconf 81' lang='lat' dir='ltr'>curiae</span> <span class='ocrx_word' id='word_1_70' title='bbox 1252 1431 1352 1513; x_wconf 86' lang='lat' dir='ltr'>regiae</span> <span class='ocrx_word' id='word_1_71' title='bbox 1360 1452 1446 1514; x_wconf 85' lang='lat' dir='ltr'>prae-</span> 
     </span>
     <span class='ocr_line' id='line_1_10' title="bbox 391 1532 1446 1619; baseline -0.004 -21"><span class='ocrx_word' id='word_1_72' title='bbox 391 1547 492 1612; x_wconf 85' lang='lat' dir='ltr'>erant,</span> <span class='ocrx_word' id='word_1_73' title='bbox 518 1557 616 1619; x_wconf 89' lang='lat' dir='ltr'>super</span> <span class='ocrx_word' id='word_1_74' title='bbox 637 1536 764 1598; x_wconf 91' lang='lat' dir='ltr'>abbatis</span> <span class='ocrx_word' id='word_1_75' title='bbox 787 1534 876 1597; x_wconf 89' lang='lat' dir='ltr'>inani</span> <span class='ocrx_word' id='word_1_76' title='bbox 898 1532 1099 1616; x_wconf 87' lang='lat' dir='ltr'>fatigatione,</span> <span class='ocrx_word' id='word_1_77' title='bbox 1125 1541 1159 1593; x_wconf 91' lang='lat' dir='ltr'>et</span> <span class='ocrx_word' id='word_1_78' title='bbox 1180 1532 1320 1594; x_wconf 87' lang='lat' dir='ltr'>adversae</span> <span class='ocrx_word' id='word_1_79' title='bbox 1343 1532 1446 1616; x_wconf 91' lang='lat' dir='ltr'>partis</span> 
     </span>
     <span class='ocr_line' id='line_1_11' title="bbox 391 1633 1446 1720; baseline -0.002 -22"><span class='ocrx_word' id='word_1_80' title='bbox 391 1636 606 1720; x_wconf 83' lang='lat' dir='ltr'>subterfugio,</span> <span class='ocrx_word' id='word_1_81' title='bbox 622 1637 754 1720; x_wconf 85' lang='lat' dir='ltr'>indigne</span> <span class='ocrx_word' id='word_1_82' title='bbox 766 1636 917 1712; x_wconf 84' lang='lat' dir='ltr'>ferentes,</span> <span class='ocrx_word' id='word_1_83' title='bbox 928 1658 1022 1698; x_wconf 93' lang='lat' dir='ltr'>omne</span> <span class='ocrx_word' id='word_1_84' title='bbox 1033 1637 1088 1720; x_wconf 90' lang='lat' dir='ltr'>jus</span> <span class='ocrx_word' id='word_1_85' title='bbox 1103 1633 1245 1697; x_wconf 87' lang='lat' dir='ltr'>ecclesiae</span> <span class='ocrx_word' id='word_1_86' title='bbox 1260 1635 1300 1696; x_wconf 95' lang='lat' dir='ltr'>de</span> <span class='ocrx_word' id='word_1_87' title='bbox 1308 1633 1446 1696; x_wconf 88' lang='lat' dir='ltr'>Trilawe</span> 
     </span>
     <span class='ocr_line' id='line_1_12' title="bbox 391 1735 1445 1822; baseline -0.001 -23"><span class='ocrx_word' id='word_1_88' title='bbox 391 1737 426 1799; x_wconf 90' lang='lat' dir='ltr'>in</span> <span class='ocrx_word' id='word_1_89' title='bbox 446 1760 559 1800; x_wconf 91' lang='lat' dir='ltr'>manus</span> <span class='ocrx_word' id='word_1_90' title='bbox 583 1739 704 1801; x_wconf 89' lang='lat' dir='ltr'>domini</span> <span class='ocrx_word' id='word_1_91' title='bbox 725 1739 809 1821; x_wconf 84' lang='lat' dir='ltr'>regis</span> <span class='ocrx_word' id='word_1_92' title='bbox 825 1737 1054 1822; x_wconf 86' lang='lat' dir='ltr'>judicaverunt</span> <span class='ocrx_word' id='word_1_93' title='bbox 1069 1736 1346 1820; x_wconf 89' lang='lat' dir='ltr'>sequestrandum</span> <span class='ocrx_word' id='word_1_94' title='bbox 1392 1735 1445 1798; x_wconf 93' lang='lat' dir='ltr'>De</span> 
     </span>
     <span class='ocr_line' id='line_1_13' title="bbox 229 1837 1447 1947; baseline -0.001 -46"><span class='ocrx_word' id='word_1_95' title='bbox 229 1858 265 1945; x_wconf 63' lang='lat' dir='ltr'>qe</span> <span class='ocrx_word' id='word_1_96' title='bbox 252 1862 357 1947; x_wconf 56' lang='lat' dir='ltr'>ab</span> <span class='ocrx_word' id='word_1_97' title='bbox 391 1849 511 1902; x_wconf 91' lang='lat' dir='ltr'>caetero</span> <span class='ocrx_word' id='word_1_98' title='bbox 542 1839 641 1903; x_wconf 76' lang='lat' dir='ltr'>adium</span> <span class='ocrx_word' id='word_1_99' title='bbox 667 1840 753 1902; x_wconf 92' lang='lat' dir='ltr'>diem</span> <span class='ocrx_word' id='word_1_100' title='bbox 778 1839 1033 1924; x_wconf 89' lang='lat' dir='ltr'>peremptorium</span> <span class='ocrx_word' id='word_1_101' title='bbox 1068 1839 1155 1922; x_wconf 89' lang='lat' dir='ltr'>apud</span> <span class='ocrx_word' id='word_1_102' title='bbox 1174 1837 1447 1902; x_wconf 88' lang='lat' dir='ltr'>Northamtonam</span> 
     </span>
     <span class='ocr_line' id='line_1_14' title="bbox 228 1919 1446 2058; baseline -0.002 -54"><span class='ocrx_word' id='word_1_103' title='bbox 228 1961 271 1997; x_wconf 79' lang='lat' dir='ltr'>ton-</span> <span class='ocrx_word' id='word_1_104' title='bbox 333 1919 357 1958; x_wconf 67' lang='lat' dir='ltr'><strong>p</strong></span> <span class='ocrx_word' id='word_1_105' title='bbox 391 1941 517 2058; x_wconf 85' lang='lat' dir='ltr'>praefigi</span> <span class='ocrx_word' id='word_1_106' title='bbox 538 1941 760 2019; x_wconf 89' lang='lat' dir='ltr'>decreverunt,</span> <span class='ocrx_word' id='word_1_107' title='bbox 781 1951 820 2004; x_wconf 93' lang='lat' dir='ltr'>ut</span> <span class='ocrx_word' id='word_1_108' title='bbox 835 1940 991 2025; x_wconf 88' lang='lat' dir='ltr'>praefatus</span> <span class='ocrx_word' id='word_1_109' title='bbox 1007 1939 1137 2024; x_wconf 84' lang='lat' dir='ltr'>Haymo</span> <span class='ocrx_word' id='word_1_110' title='bbox 1153 1962 1191 2002; x_wconf 91' lang='lat' dir='ltr'>eo</span> <span class='ocrx_word' id='word_1_111' title='bbox 1206 1940 1349 2016; x_wconf 90' lang='lat' dir='ltr'>veniens,</span> <span class='ocrx_word' id='word_1_112' title='bbox 1366 1939 1446 2022; x_wconf 93' lang='lat' dir='ltr'>quid</span> 
     </span>
     <span class='ocr_line' id='line_1_15' title="bbox 388 2040 1535 2128; baseline -0.004 -21"><span class='ocrx_word' id='word_1_113' title='bbox 388 2044 472 2128; x_wconf 90' lang='lat' dir='ltr'>juris</span> <span class='ocrx_word' id='word_1_114' title='bbox 497 2043 531 2105; x_wconf 91' lang='lat' dir='ltr'>in</span> <span class='ocrx_word' id='word_1_115' title='bbox 557 2043 627 2127; x_wconf 92' lang='lat' dir='ltr'>ipsa</span> <span class='ocrx_word' id='word_1_116' title='bbox 652 2043 786 2106; x_wconf 89' lang='lat' dir='ltr'>ecclesia</span> <span class='ocrx_word' id='word_1_117' title='bbox 809 2043 871 2105; x_wconf 90' lang='lat' dir='ltr'>sibi</span> <span class='ocrx_word' id='word_1_118' title='bbox 887 2042 1103 2106; x_wconf 87' lang='lat' dir='ltr'>vendicaverit</span> <span class='ocrx_word' id='word_1_119' title='bbox 1117 2041 1248 2125; x_wconf 88' lang='lat' dir='ltr'>publice</span> <span class='ocrx_word' id='word_1_120' title='bbox 1261 2040 1446 2104; x_wconf 88' lang='lat' dir='ltr'>manifesta·</span> <span class='ocrx_word' id='word_1_121' title='bbox 1531 2095 1535 2101; x_wconf 95' lang='lat'><em>.</em></span> 
     </span>
     <span class='ocr_line' id='line_1_16' title="bbox 391 2142 1446 2209; baseline -0.003 -1"><span class='ocrx_word' id='word_1_122' title='bbox 391 2157 452 2209; x_wconf 90' lang='lat' dir='ltr'>ret.</span> <span class='ocrx_word' id='word_1_123' title='bbox 499 2144 608 2208; x_wconf 87' lang='lat' dir='ltr'>Abbas</span> <span class='ocrx_word' id='word_1_124' title='bbox 628 2167 704 2207; x_wconf 89' lang='lat' dir='ltr'>vero</span> <span class='ocrx_word' id='word_1_125' title='bbox 725 2167 799 2207; x_wconf 90' lang='lat' dir='ltr'>cum</span> <span class='ocrx_word' id='word_1_126' title='bbox 821 2167 855 2206; x_wconf 90' lang='lat' dir='ltr'>se</span> <span class='ocrx_word' id='word_1_127' title='bbox 876 2145 917 2208; x_wconf 92' lang='lat' dir='ltr'>ad</span> <span class='ocrx_word' id='word_1_128' title='bbox 932 2144 1019 2207; x_wconf 89' lang='lat' dir='ltr'>diem</span> <span class='ocrx_word' id='word_1_129' title='bbox 1033 2152 1067 2206; x_wconf 90' lang='lat' dir='ltr'>et</span> <span class='ocrx_word' id='word_1_130' title='bbox 1081 2143 1189 2206; x_wconf 92' lang='lat' dir='ltr'>locum</span> <span class='ocrx_word' id='word_1_131' title='bbox 1203 2142 1446 2206; x_wconf 90' lang='lat' dir='ltr'>denominatum</span> 
     </span>
     <span class='ocr_line' id='line_1_17' title="bbox 391 2245 1446 2330; baseline -0.002 -21"><span class='ocrx_word' id='word_1_132' title='bbox 391 2247 548 2310; x_wconf 92' lang='lat' dir='ltr'>veniendo</span> <span class='ocrx_word' id='word_1_133' title='bbox 570 2246 706 2330; x_wconf 86' lang='lat' dir='ltr'>fatigare</span> <span class='ocrx_word' id='word_1_134' title='bbox 736 2255 795 2309; x_wconf 93' lang='lat' dir='ltr'>aut</span> <span class='ocrx_word' id='word_1_135' title='bbox 819 2245 923 2309; x_wconf 91' lang='lat' dir='ltr'>nollet</span> <span class='ocrx_word' id='word_1_136' title='bbox 951 2255 1009 2309; x_wconf 86' lang='lat' dir='ltr'>aut</span> <span class='ocrx_word' id='word_1_137' title='bbox 1034 2267 1098 2308; x_wconf 93' lang='lat' dir='ltr'>non</span> <span class='ocrx_word' id='word_1_138' title='bbox 1127 2255 1247 2329; x_wconf 91' lang='lat' dir='ltr'>posset,</span> <span class='ocrx_word' id='word_1_139' title='bbox 1274 2266 1377 2307; x_wconf 92' lang='lat' dir='ltr'>unum</span> <span class='ocrx_word' id='word_1_140' title='bbox 1402 2267 1446 2307; x_wconf 87' lang='lat' dir='ltr'>ex</span> 
     </span>
     <span class='ocr_line' id='line_1_18' title="bbox 391 2345 1447 2431; baseline 0.003 -23"><span class='ocrx_word' id='word_1_141' title='bbox 391 2347 555 2410; x_wconf 90' lang='lat' dir='ltr'>monachis</span> <span class='ocrx_word' id='word_1_142' title='bbox 584 2347 650 2408; x_wconf 89' lang='lat' dir='ltr'>suis</span> <span class='ocrx_word' id='word_1_143' title='bbox 680 2345 886 2411; x_wconf 88' lang='lat' dir='ltr'>Osmundum</span> <span class='ocrx_word' id='word_1_144' title='bbox 919 2347 1049 2410; x_wconf 90' lang='lat' dir='ltr'>nomine</span> <span class='ocrx_word' id='word_1_145' title='bbox 1086 2346 1284 2410; x_wconf 90' lang='lat' dir='ltr'>sufficienter</span> <span class='ocrx_word' id='word_1_146' title='bbox 1311 2347 1347 2409; x_wconf 92' lang='lat' dir='ltr'>in</span> <span class='ocrx_word' id='word_1_147' title='bbox 1374 2347 1447 2431; x_wconf 90' lang='lat' dir='ltr'>ipso</span> 
     </span>
     <span class='ocr_line' id='line_1_19' title="bbox 390 2448 1446 2530; baseline 0.002 -20"><span class='ocrx_word' id='word_1_148' title='bbox 390 2448 522 2530; x_wconf 88' lang='lat' dir='ltr'>negotio</span> <span class='ocrx_word' id='word_1_149' title='bbox 547 2448 742 2511; x_wconf 88' lang='lat' dir='ltr'>instructum</span> <span class='ocrx_word' id='word_1_150' title='bbox 765 2471 839 2511; x_wconf 92' lang='lat' dir='ltr'>cum</span> <span class='ocrx_word' id='word_1_151' title='bbox 863 2449 1049 2512; x_wconf 91' lang='lat' dir='ltr'>testimonio</span> <span class='ocrx_word' id='word_1_152' title='bbox 1073 2459 1232 2512; x_wconf 85' lang='lat' dir='ltr'>cartarum</span> <span class='ocrx_word' id='word_1_153' title='bbox 1255 2449 1341 2512; x_wconf 89' lang='lat' dir='ltr'>vices</span> <span class='ocrx_word' id='word_1_154' title='bbox 1371 2471 1446 2512; x_wconf 88' lang='lat' dir='ltr'>suas</span> 
     </span>
     <span class='ocr_line' id='line_1_20' title="bbox 390 2548 1446 2634; baseline 0.003 -24"><span class='ocrx_word' id='word_1_155' title='bbox 390 2558 606 2612; x_wconf 88' lang='lat' dir='ltr'>executurum</span> <span class='ocrx_word' id='word_1_156' title='bbox 629 2550 707 2613; x_wconf 88' lang='lat' dir='ltr'>illuc</span> <span class='ocrx_word' id='word_1_157' title='bbox 729 2550 861 2614; x_wconf 90' lang='lat' dir='ltr'>direxit.</span> <span class='ocrx_word' id='word_1_158' title='bbox 908 2549 1038 2634; x_wconf 88' lang='lat' dir='ltr'>Haymo</span> <span class='ocrx_word' id='word_1_159' title='bbox 1059 2550 1157 2612; x_wconf 90' lang='lat' dir='ltr'>etiam</span> <span class='ocrx_word' id='word_1_160' title='bbox 1173 2548 1348 2613; x_wconf 89' lang='lat' dir='ltr'>Peccatum</span> <span class='ocrx_word' id='word_1_161' title='bbox 1362 2570 1446 2634; x_wconf 85' lang='lat' dir='ltr'>prae·</span> 
     </span>
     <span class='ocr_line' id='line_1_21' title="bbox 390 2650 1448 2728; baseline 0.003 -16"><span class='ocrx_word' id='word_1_162' title='bbox 390 2651 526 2714; x_wconf 89' lang='lat' dir='ltr'>sentiam</span> <span class='ocrx_word' id='word_1_163' title='bbox 541 2673 631 2714; x_wconf 90' lang='lat' dir='ltr'>suam</span> <span class='ocrx_word' id='word_1_164' title='bbox 646 2651 713 2714; x_wconf 91' lang='lat' dir='ltr'>illic</span> <span class='ocrx_word' id='word_1_165' title='bbox 727 2652 861 2714; x_wconf 89' lang='lat' dir='ltr'>minime</span> <span class='ocrx_word' id='word_1_166' title='bbox 877 2651 1046 2728; x_wconf 72' lang='lat' dir='ltr'>exhibens</span> <span class='ocrx_word' id='word_1_167' title='bbox 1069 2650 1174 2714; x_wconf 90' lang='lat' dir='ltr'>filium</span> <span class='ocrx_word' id='word_1_168' title='bbox 1199 2673 1294 2713; x_wconf 89' lang='lat' dir='ltr'>suum</span> <span class='ocrx_word' id='word_1_169' title='bbox 1312 2651 1448 2715; x_wconf 89' lang='lat' dir='ltr'>Gaufri-</span> 
     </span>
     <span class='ocr_line' id='line_1_22' title="bbox 391 2749 1447 2838; baseline 0.005 -27"><span class='ocrx_word' id='word_1_170' title='bbox 391 2750 468 2812; x_wconf 92' lang='lat' dir='ltr'>dum</span> <span class='ocrx_word' id='word_1_171' title='bbox 484 2749 657 2818; x_wconf 89' lang='lat' dir='ltr'>Peccatum</span> <span class='ocrx_word' id='word_1_172' title='bbox 673 2753 751 2816; x_wconf 90' lang='lat' dir='ltr'>illuc</span> <span class='ocrx_word' id='word_1_173' title='bbox 766 2753 953 2830; x_wconf 90' lang='lat' dir='ltr'>transmisit,</span> <span class='ocrx_word' id='word_1_174' title='bbox 980 2763 1105 2838; x_wconf 90' lang='lat' dir='ltr'>patrem</span> <span class='ocrx_word' id='word_1_175' title='bbox 1122 2753 1162 2815; x_wconf 92' lang='lat' dir='ltr'>de</span> <span class='ocrx_word' id='word_1_176' title='bbox 1177 2752 1323 2815; x_wconf 90' lang='lat' dir='ltr'>absentia</span> <span class='ocrx_word' id='word_1_177' title='bbox 1346 2776 1447 2816; x_wconf 89' lang='lat' dir='ltr'>excu-</span> 
     </span>
     <span class='ocr_line' id='line_1_23' title="bbox 391 2853 1445 2938; baseline 0.006 -25"><span class='ocrx_word' id='word_1_178' title='bbox 391 2861 546 2930; x_wconf 91' lang='lat' dir='ltr'>saturum,</span> <span class='ocrx_word' id='word_1_179' title='bbox 585 2864 619 2916; x_wconf 90' lang='lat' dir='ltr'>et</span> <span class='ocrx_word' id='word_1_180' title='bbox 656 2855 696 2917; x_wconf 94' lang='lat' dir='ltr'>de</span> <span class='ocrx_word' id='word_1_181' title='bbox 726 2865 845 2917; x_wconf 89' lang='lat' dir='ltr'>caetero</span> <span class='ocrx_word' id='word_1_182' title='bbox 882 2855 968 2918; x_wconf 90' lang='lat' dir='ltr'>vices</span> <span class='ocrx_word' id='word_1_183' title='bbox 1003 2856 1074 2938; x_wconf 88' lang='lat' dir='ltr'>ejus</span> <span class='ocrx_word' id='word_1_184' title='bbox 1114 2853 1182 2917; x_wconf 90' lang='grc'><strong>11111</strong></span> <span class='ocrx_word' id='word_1_185' title='bbox 1218 2864 1445 2919; x_wconf 87' lang='lat' dir='ltr'>executurum.</span> 
     </span>
     <span class='ocr_line' id='line_1_24' title="bbox 392 2952 1446 3041; baseline 0.005 -27"><span class='ocrx_word' id='word_1_186' title='bbox 392 2952 667 3017; x_wconf 87' lang='lat' dir='ltr'>Convenientibus</span> <span class='ocrx_word' id='word_1_187' title='bbox 692 2954 768 3018; x_wconf 92' lang='lat' dir='ltr'>hinc</span> <span class='ocrx_word' id='word_1_188' title='bbox 793 2955 869 3019; x_wconf 90' lang='lat' dir='ltr'>inde</span> <span class='ocrx_word' id='word_1_189' title='bbox 893 2956 1052 3040; x_wconf 90' lang='lat' dir='ltr'>partibus,</span> <span class='ocrx_word' id='word_1_190' title='bbox 1079 2955 1302 3039; x_wconf 86' lang='lat' dir='ltr'>monachoque</span> <span class='ocrx_word' id='word_1_191' title='bbox 1323 2957 1379 3041; x_wconf 89' lang='lat' dir='ltr'>jus</span> <span class='ocrx_word' id='word_1_192' title='bbox 1394 2979 1446 3019; x_wconf 90' lang='lat' dir='ltr'>ec-</span> 
     </span>
     <span class='ocr_line' id='line_1_25' title="bbox 391 3052 1447 3140; baseline 0.006 -26"><span class='ocrx_word' id='word_1_193' title='bbox 391 3052 497 3116; x_wconf 85' lang='lat' dir='ltr'>clesiae</span> <span class='ocrx_word' id='word_1_194' title='bbox 512 3077 579 3118; x_wconf 90' lang='lat' dir='ltr'>suae</span> <span class='ocrx_word' id='word_1_195' title='bbox 595 3065 666 3118; x_wconf 91' lang='lat' dir='ltr'>tum</span> <span class='ocrx_word' id='word_1_196' title='bbox 679 3056 751 3120; x_wconf 91' lang='lat' dir='ltr'>viva</span> <span class='ocrx_word' id='word_1_197' title='bbox 769 3078 858 3134; x_wconf 87' lang='lat' dir='ltr'>voce,</span> <span class='ocrx_word' id='word_1_198' title='bbox 878 3066 949 3118; x_wconf 91' lang='lat' dir='ltr'>tum</span> <span class='ocrx_word' id='word_1_199' title='bbox 966 3067 1125 3120; x_wconf 85' lang='lat' dir='ltr'>cartarum</span> <span class='ocrx_word' id='word_1_200' title='bbox 1146 3079 1221 3140; x_wconf 90' lang='lat' dir='ltr'>quae</span> <span class='ocrx_word' id='word_1_201' title='bbox 1242 3057 1309 3119; x_wconf 87' lang='lat' dir='ltr'>illic</span> <span class='ocrx_word' id='word_1_202' title='bbox 1332 3057 1447 3120; x_wconf 90' lang='lat' dir='ltr'>recita-</span> 
     </span>
     <span class='ocr_line' id='line_1_26' title="bbox 390 3155 1444 3242; baseline 0.003 -25"><span class='ocrx_word' id='word_1_203' title='bbox 390 3155 509 3218; x_wconf 88' lang='lat' dir='ltr'>bantur</span> <span class='ocrx_word' id='word_1_204' title='bbox 528 3157 713 3220; x_wconf 87' lang='lat' dir='ltr'>testimonio</span> <span class='ocrx_word' id='word_1_205' title='bbox 737 3158 771 3220; x_wconf 92' lang='lat' dir='ltr'>in</span> <span class='ocrx_word' id='word_1_206' title='bbox 794 3158 961 3220; x_wconf 89' lang='lat' dir='ltr'>audientia</span> <span class='ocrx_word' id='word_1_207' title='bbox 986 3158 1229 3242; x_wconf 82' lang='lat' dir='ltr'>praesidentium</span> <span class='ocrx_word' id='word_1_208' title='bbox 1245 3169 1444 3242; x_wconf 83' lang='lat' dir='ltr'>exponente,</span> 
     </span>
     <span class='ocr_line' id='line_1_27' title="bbox 391 3257 1446 3344; baseline 0.003 -25"><span class='ocrx_word' id='word_1_209' title='bbox 391 3266 425 3319; x_wconf 91' lang='lat' dir='ltr'>et</span> <span class='ocrx_word' id='word_1_210' title='bbox 441 3257 480 3320; x_wconf 91' lang='lat' dir='ltr'>de</span> <span class='ocrx_word' id='word_1_211' title='bbox 496 3258 586 3322; x_wconf 89' lang='lat' dir='ltr'>illata</span> <span class='ocrx_word' id='word_1_212' title='bbox 599 3259 719 3344; x_wconf 90' lang='lat' dir='ltr'>injuria</span> <span class='ocrx_word' id='word_1_213' title='bbox 734 3270 963 3344; x_wconf 90' lang='lat' dir='ltr'>conquerente,</span> <span class='ocrx_word' id='word_1_214' title='bbox 989 3283 1063 3323; x_wconf 88' lang='lat' dir='ltr'>cum</span> <span class='ocrx_word' id='word_1_215' title='bbox 1073 3262 1141 3344; x_wconf 89' lang='lat' dir='ltr'>jam</span> <span class='ocrx_word' id='word_1_216' title='bbox 1154 3261 1195 3322; x_wconf 92' lang='lat' dir='ltr'>ab</span> <span class='ocrx_word' id='word_1_217' title='bbox 1211 3261 1340 3323; x_wconf 89' lang='lat' dir='ltr'>adversa</span> <span class='ocrx_word' id='word_1_218' title='bbox 1353 3271 1446 3343; x_wconf 87' lang='lat' dir='ltr'>parte</span> 
     </span>
     <span class='ocr_line' id='line_1_28' title="bbox 228 3359 1447 3494; baseline 0.001 -73"><span class='ocrx_word' id='word_1_219' title='bbox 228 3405 273 3494; x_wconf 66' lang='lat' dir='ltr'>Ti</span> <span class='ocrx_word' id='word_1_220' title='bbox 276 3403 344 3493; x_wconf 49' lang='lat' dir='ltr'>sende,</span> <span class='ocrx_word' id='word_1_221' title='bbox 345 3403 368 3444; x_wconf 64' lang='lat' dir='ltr'>d</span> <span class='ocrx_word' id='word_1_222' title='bbox 391 3359 540 3444; x_wconf 84' lang='lat' dir='ltr'>aliquid</span> <span class='ocrx_word' id='word_1_223' title='bbox 531 3383 565 3422; x_wconf 90' lang='grc'>11</span> <span class='ocrx_word' id='word_1_224' title='bbox 580 3362 776 3424; x_wconf 88' lang='lat' dir='ltr'>contrarium</span> <span class='ocrx_word' id='word_1_225' title='bbox 796 3371 968 3445; x_wconf 87' lang='lat' dir='ltr'>putaretur</span> <span class='ocrx_word' id='word_1_226' title='bbox 983 3361 1200 3438; x_wconf 89' lang='lat' dir='ltr'>obiciendum,</span> <span class='ocrx_word' id='word_1_227' title='bbox 1216 3368 1349 3444; x_wconf 86' lang='lat' dir='ltr'>repente</span> <span class='ocrx_word' id='word_1_228' title='bbox 1363 3380 1447 3444; x_wconf 87' lang='lat' dir='ltr'>prae-</span> 
     </span>
     <span class='ocr_line' id='line_1_29' title="bbox 228 3456 1447 3548; baseline 0.002 -26"><span class='ocrx_word' id='word_1_229' title='bbox 228 3459 265 3544; x_wconf 56' lang='lat' dir='ltr'>hi}</span> <span class='ocrx_word' id='word_1_230' title='bbox 270 3505 331 3544; x_wconf 51' lang='lat' dir='ltr'>Jahn</span> <span class='ocrx_word' id='word_1_231' title='bbox 276 3456 369 3545; x_wconf 72' lang='lat' dir='ltr'>s⁰¹⁰⁸f&#39;‘⁸</span> <span class='ocrx_word' id='word_1_232' title='bbox 389 3461 574 3524; x_wconf 90' lang='lat' dir='ltr'>nominatus</span> <span class='ocrx_word' id='word_1_233' title='bbox 591 3461 780 3539; x_wconf 76' lang='lat' dir='ltr'>GaufriduS,</span> <span class='ocrx_word' id='word_1_234' title='bbox 796 3485 856 3548; x_wconf 92' lang='lat' dir='ltr'>pro</span> <span class='ocrx_word' id='word_1_235' title='bbox 878 3473 970 3548; x_wconf 90' lang='lat' dir='ltr'>patre</span> <span class='ocrx_word' id='word_1_236' title='bbox 991 3485 1049 3525; x_wconf 92' lang='lat' dir='ltr'>suo</span> <span class='ocrx_word' id='word_1_237' title='bbox 1074 3475 1108 3524; x_wconf 90' lang='lat' dir='ltr'>et</span> <span class='ocrx_word' id='word_1_238' title='bbox 1131 3485 1176 3540; x_wconf 91' lang='lat' dir='ltr'>se,</span> <span class='ocrx_word' id='word_1_239' title='bbox 1198 3463 1255 3546; x_wconf 92' lang='lat' dir='ltr'>qui</span> <span class='ocrx_word' id='word_1_240' title='bbox 1270 3461 1362 3524; x_wconf 89' lang='lat' dir='ltr'>heres</span> <span class='ocrx_word' id='word_1_241' title='bbox 1377 3463 1447 3547; x_wconf 90' lang='lat' dir='ltr'>ejus</span> 
     </span>
     <span class='ocr_line' id='line_1_30' title="bbox 389 3561 1448 3648; baseline 0.006 -26"><span class='ocrx_word' id='word_1_242' title='bbox 389 3561 570 3638; x_wconf 90' lang='lat' dir='ltr'>videbatur,</span> <span class='ocrx_word' id='word_1_243' title='bbox 593 3562 646 3624; x_wconf 90' lang='lat' dir='ltr'>liti</span> <span class='ocrx_word' id='word_1_244' title='bbox 668 3573 703 3625; x_wconf 91' lang='lat' dir='ltr'>et</span> <span class='ocrx_word' id='word_1_245' title='bbox 720 3565 789 3648; x_wconf 91' lang='lat' dir='ltr'>juri</span> <span class='ocrx_word' id='word_1_246' title='bbox 812 3565 900 3646; x_wconf 93' lang='lat' dir='ltr'>quod</span> <span class='ocrx_word' id='word_1_247' title='bbox 922 3565 956 3626; x_wconf 92' lang='lat' dir='ltr'>in</span> <span class='ocrx_word' id='word_1_248' title='bbox 979 3563 1154 3648; x_wconf 87' lang='lat' dir='ltr'>saepedicta</span> <span class='ocrx_word' id='word_1_249' title='bbox 1175 3563 1308 3627; x_wconf 89' lang='lat' dir='ltr'>ecclesia</span> <span class='ocrx_word' id='word_1_250' title='bbox 1321 3566 1361 3628; x_wconf 94' lang='lat' dir='ltr'>de</span> <span class='ocrx_word' id='word_1_251' title='bbox 1374 3565 1448 3628; x_wconf 86' lang='lat' dir='ltr'>Tri-</span> 
     </span>
     <span class='ocr_line' id='line_1_31' title="bbox 388 3661 1447 3742; baseline 0.008 -20"><span class='ocrx_word' id='word_1_252' title='bbox 388 3661 468 3723; x_wconf 91' lang='lat' dir='ltr'>lawe</span> <span class='ocrx_word' id='word_1_253' title='bbox 493 3661 648 3725; x_wconf 88' lang='lat' dir='ltr'>hactenus</span> <span class='ocrx_word' id='word_1_254' title='bbox 662 3665 908 3728; x_wconf 89' lang='lat' dir='ltr'>vendicaverant</span> <span class='ocrx_word' id='word_1_255' title='bbox 923 3666 1054 3728; x_wconf 87' lang='lat' dir='ltr'>omnino</span> <span class='ocrx_word' id='word_1_256' title='bbox 1069 3665 1278 3742; x_wconf 91' lang='lat' dir='ltr'>renuntiavit,</span> <span class='ocrx_word' id='word_1_257' title='bbox 1303 3689 1447 3730; x_wconf 87' lang='lat' dir='ltr'>asserens</span> 
     </span>
     <span class='ocr_line' id='line_1_32' title="bbox 390 3763 1447 3852; baseline 0.008 -28"><span class='ocrx_word' id='word_1_258' title='bbox 390 3785 423 3824; x_wconf 94' lang='lat' dir='ltr'>se</span> <span class='ocrx_word' id='word_1_259' title='bbox 438 3773 549 3826; x_wconf 89' lang='lat' dir='ltr'>contra</span> <span class='ocrx_word' id='word_1_260' title='bbox 569 3763 756 3849; x_wconf 90' lang='lat' dir='ltr'>hujusmodi</span> <span class='ocrx_word' id='word_1_261' title='bbox 771 3776 931 3830; x_wconf 87' lang='lat' dir='ltr'>cartarum</span> <span class='ocrx_word' id='word_1_262' title='bbox 954 3768 1140 3830; x_wconf 90' lang='lat' dir='ltr'>testimonia</span> <span class='ocrx_word' id='word_1_263' title='bbox 1161 3767 1208 3830; x_wconf 92' lang='lat' dir='ltr'>nil</span> <span class='ocrx_word' id='word_1_264' title='bbox 1228 3767 1263 3829; x_wconf 93' lang='lat' dir='ltr'>in</span> <span class='ocrx_word' id='word_1_265' title='bbox 1278 3779 1447 3852; x_wconf 91' lang='lat' dir='ltr'>posterum</span> 
     </span>
     <span class='ocr_line' id='line_1_33' title="bbox 388 3867 1447 3954; baseline 0.007 -28"><span class='ocrx_word' id='word_1_266' title='bbox 388 3875 675 3950; x_wconf 85' lang='lat' dir='ltr'>praesumpturum,</span> <span class='ocrx_word' id='word_1_267' title='bbox 701 3867 826 3953; x_wconf 90' lang='lat' dir='ltr'>quippe</span> <span class='ocrx_word' id='word_1_268' title='bbox 841 3891 914 3931; x_wconf 89' lang='lat' dir='ltr'>cum</span> <span class='ocrx_word' id='word_1_269' title='bbox 928 3891 988 3932; x_wconf 84' lang='lat' dir='ltr'>rex</span> <span class='ocrx_word' id='word_1_270' title='bbox 1004 3869 1062 3954; x_wconf 91' lang='lat' dir='ltr'>qui</span> <span class='ocrx_word' id='word_1_271' title='bbox 1078 3869 1222 3932; x_wconf 85' lang='lat' dir='ltr'>ecclesiae</span> <span class='ocrx_word' id='word_1_272' title='bbox 1238 3870 1340 3933; x_wconf 89' lang='lat' dir='ltr'>sancti</span> <span class='ocrx_word' id='word_1_273' title='bbox 1357 3869 1447 3933; x_wconf 89' lang='lat' dir='ltr'>Mar-</span> 
     </span>
     <span class='ocr_line' id='line_1_34' title="bbox 391 3966 1446 4055; baseline 0.006 -27"><span class='ocrx_word' id='word_1_274' title='bbox 391 3966 450 4030; x_wconf 90' lang='lat' dir='ltr'>tini</span> <span class='ocrx_word' id='word_1_275' title='bbox 480 3967 520 4030; x_wconf 94' lang='lat' dir='ltr'>de</span> <span class='ocrx_word' id='word_1_276' title='bbox 551 3967 645 4031; x_wconf 91' lang='lat' dir='ltr'>Bello</span> <span class='ocrx_word' id='word_1_277' title='bbox 670 3969 738 4053; x_wconf 87' lang='lat' dir='ltr'>J&#39;am</span> <span class='ocrx_word' id='word_1_278' title='bbox 769 3969 888 4033; x_wconf 89' lang='lat' dir='ltr'>dictam</span> <span class='ocrx_word' id='word_1_279' title='bbox 915 3972 1055 4034; x_wconf 90' lang='lat' dir='ltr'>contulit</span> <span class='ocrx_word' id='word_1_280' title='bbox 1082 3971 1260 4047; x_wconf 88' lang='lat' dir='ltr'>ecelesiam,</span> <span class='ocrx_word' id='word_1_281' title='bbox 1287 3981 1397 4055; x_wconf 89' lang='lat' dir='ltr'>posset</span> <span class='ocrx_word' id='word_1_282' title='bbox 1418 3972 1446 4034; x_wconf 90' lang='lat' dir='ltr'>si</span> 
     </span>
     <span class='ocr_line' id='line_1_35' title="bbox 388 4068 1446 4136; baseline 0.003 -6"><span class='ocrx_word' id='word_1_283' title='bbox 388 4068 543 4131; x_wconf 89' lang='lat' dir='ltr'>voluisset</span> <span class='ocrx_word' id='word_1_284' title='bbox 577 4069 669 4132; x_wconf 88' lang='lat' dir='ltr'>nullo</span> <span class='ocrx_word' id='word_1_285' title='bbox 698 4071 869 4134; x_wconf 89' lang='lat' dir='ltr'>resistente</span> <span class='ocrx_word' id='word_1_286' title='bbox 898 4072 1072 4136; x_wconf 87' lang='lat' dir='ltr'>contulisse</span> <span class='ocrx_word' id='word_1_287' title='bbox 1109 4083 1143 4134; x_wconf 94' lang='lat' dir='ltr'>et</span> <span class='ocrx_word' id='word_1_288' title='bbox 1172 4073 1321 4135; x_wconf 89' lang='lat' dir='ltr'>fundum.</span> <span class='ocrx_word' id='word_1_289' title='bbox 1383 4071 1446 4134; x_wconf 91' lang='lat' dir='ltr'>His</span> 
     </span>
     <span class='ocr_line' id='line_1_36' title="bbox 389 4171 1447 4256; baseline 0.007 -26"><span class='ocrx_word' id='word_1_290' title='bbox 389 4180 500 4232; x_wconf 90' lang='lat' dir='ltr'>contra</span> <span class='ocrx_word' id='word_1_291' title='bbox 523 4191 613 4253; x_wconf 88' lang='lat' dir='ltr'>spem</span> <span class='ocrx_word' id='word_1_292' title='bbox 639 4171 768 4248; x_wconf 83' lang='lat' dir='ltr'>auditis,</span> <span class='ocrx_word' id='word_1_293' title='bbox 797 4182 902 4234; x_wconf 89' lang='lat' dir='ltr'>totum</span> <span class='ocrx_word' id='word_1_294' title='bbox 923 4174 978 4256; x_wconf 90' lang='lat' dir='ltr'>jus</span> <span class='ocrx_word' id='word_1_295' title='bbox 1005 4173 1148 4237; x_wconf 87' lang='lat' dir='ltr'>ecclesiae</span> <span class='ocrx_word' id='word_1_296' title='bbox 1165 4175 1204 4236; x_wconf 92' lang='lat' dir='ltr'>de</span> <span class='ocrx_word' id='word_1_297' title='bbox 1222 4173 1361 4236; x_wconf 89' lang='lat' dir='ltr'>Trilawe</span> <span class='ocrx_word' id='word_1_298' title='bbox 1376 4196 1447 4237; x_wconf 88' lang='lat' dir='ltr'>mo-</span> 
     </span>
     <span class='ocr_line' id='line_1_37' title="bbox 387 4270 1446 4359; baseline 0.008 -29"><span class='ocrx_word' id='word_1_299' title='bbox 387 4270 527 4332; x_wconf 88' lang='lat' dir='ltr'>nasterio</span> <span class='ocrx_word' id='word_1_300' title='bbox 543 4272 644 4333; x_wconf 90' lang='lat' dir='ltr'>sancti</span> <span class='ocrx_word' id='word_1_301' title='bbox 660 4271 797 4334; x_wconf 91' lang='lat' dir='ltr'>Martini</span> <span class='ocrx_word' id='word_1_302' title='bbox 812 4272 851 4334; x_wconf 93' lang='lat' dir='ltr'>de</span> <span class='ocrx_word' id='word_1_303' title='bbox 872 4273 966 4341; x_wconf 88' lang='lat' dir='ltr'>Bello</span> <span class='ocrx_word' id='word_1_304' title='bbox 982 4275 1196 4359; x_wconf 89' lang='lat' dir='ltr'>adjudicatur,</span> <span class='ocrx_word' id='word_1_305' title='bbox 1213 4274 1325 4358; x_wconf 90' lang='lat' dir='ltr'>sicque</span> <span class='ocrx_word' id='word_1_306' title='bbox 1341 4275 1446 4339; x_wconf 89' lang='lat' dir='ltr'>omnis</span> 
     </span>
    </p>
   </div>
   <div class='ocr_carea' id='block_1_4' title="bbox 387 4371 1445 4458">
    <p class='ocr_par' dir='ltr' id='par_1_4' title="bbox 387 4371 1445 4458">
     <span class='ocr_line' id='line_1_38' title="bbox 387 4371 1445 4458; baseline 0.009 -27"><span class='ocrx_word' id='word_1_307' title='bbox 387 4371 602 4434; x_wconf 88' lang='lat' dir='ltr'>controversia</span> <span class='ocrx_word' id='word_1_308' title='bbox 630 4372 798 4456; x_wconf 89' lang='lat' dir='ltr'>quiescens</span> <span class='ocrx_word' id='word_1_309' title='bbox 821 4375 957 4458; x_wconf 90' lang='lat' dir='ltr'>sopitur.</span> <span class='ocrx_word' id='word_1_310' title='bbox 1004 4375 1184 4440; x_wconf 89' lang='lat' dir='ltr'>Detinebat</span> <span class='ocrx_word' id='word_1_311' title='bbox 1206 4386 1314 4439; x_wconf 88' lang='lat' dir='ltr'>tamen</span> <span class='ocrx_word' id='word_1_312' title='bbox 1338 4376 1445 4440; x_wconf 90' lang='lat' dir='ltr'>adhuc</span> 
     </span>
    </p>
   </div>
   <div class='ocr_carea' id='block_1_5' title="bbox 0 0 1644 5162">
    <p class='ocr_par' dir='ltr' id='par_1_5' title="bbox 0 0 1644 5162">
     <span class='ocr_line' id='line_1_39' title="bbox 0 0 1644 5162; baseline 0 0"><span class='ocrx_word' id='word_1_313' title='bbox 0 0 1644 5162; x_wconf 95' lang='lat' dir='ltr'> </span> 
     </span>
    </p>
   </div>
  </div>
 </body>
</html>
