3260 5172
349 523 392 586 34
645 533 814 585 ursinam
840 532 1088 586 nunnamoms

348 685 505 748 baronum
531 696 565 747 et
587 684 821 768 episcoporum,
846 705 904 746 seu
928 683 1065 746 aliarum
1088 684 1307 767 quarumlibet
1331 708 1405 769 per-

349 807 498 850 sonarum
511 783 692 859 exactione,
708 792 741 844 et
755 791 794 844 ut
807 781 953 844 homines
974 781 1065 845 illius
1086 804 1197 844 omnes
1221 783 1318 846 liberi
1339 784 1405 848 sint

347 899 383 953 et
412 887 516 973 quieti
545 886 586 949 ab
615 883 704 948 omni
729 883 891 960 thelonea
918 892 952 946 et
976 883 1084 945 omnia
1104 893 1244 946 mercata
1266 905 1405 969 suaper

348 1001 456 1055 totum
479 1009 615 1072 regnum
638 1007 733 1048 suum
755 984 879 1068 ubique
897 984 1019 1067 absque
1041 983 1200 1047 theloneo.
1216 984 1348 1064 faciant,
1370 998 1406 1050 et

348 1091 486 1176 nequis
511 1089 557 1154 eis
583 1109 680 1172 super
700 1085 762 1148 hoc
784 1085 937 1148 molestus
960 1084 1013 1162 sit,
1043 1107 1141 1170 super
1165 1085 1403 1150 forisfacturam

347 1193 479 1278 regiam.
538 1191 677 1274 Insuper
691 1187 790 1250 etiam
813 1197 847 1250 et
868 1187 930 1250 hoc
954 1186 1090 1264 addidit,
1105 1197 1144 1250 ut
1166 1187 1194 1250 si
1219 1189 1292 1272 quis
1311 1190 1404 1253 baro-

347 1317 427 1358 num
441 1292 673 1360 velhominum
688 1311 820 1354 suorum
843 1289 893 1352 illi
916 1288 1061 1352 ecclesiae
1084 1289 1208 1372 aliquas
1230 1299 1331 1353 terras
1352 1293 1404 1354 vel

347 1396 562 1481 possessiones
576 1403 635 1458 aut
648 1395 688 1457 de
702 1415 762 1456 suo
784 1390 909 1476 aliquid
922 1390 1096 1474 aliquando
1118 1391 1252 1470 dederit,
1269 1394 1403 1456 eandem

345 1520 405 1582 per
419 1497 527 1561 omnia
539 1497 724 1560 libertatem
737 1496 789 1559 vel
813 1493 953 1577 regalem
968 1492 1171 1576 dignitatern,
1186 1493 1271 1558 sicut
1292 1517 1404 1580 supra

347 1599 502 1676 diximus,
516 1599 552 1662 in
565 1599 680 1662 iisdem
689 1620 748 1662 sua
758 1619 889 1682 quoque
899 1595 1019 1704 habeat
1032 1595 1175 1672 ecclesia,
1188 1605 1227 1659 ut
1240 1597 1322 1660 servi
1337 1597 1402 1660 Dei

347 1700 493 1783 undique
508 1699 614 1784 quieti
628 1709 662 1762 et
675 1699 772 1762 liberi
786 1697 860 1762 Deo
870 1699 906 1760 in
919 1719 998 1782 pace
1013 1696 1206 1761 omnimodis
1220 1698 1400 1764 intendant.

186 1805 294 1856 ‘imbbl
392 1801 556 1867 Quoniam
579 1810 689 1864 autem
708 1801 779 1864 loca
800 1799 884 1863 circa
905 1799 1072 1862 ecclesiam
1095 1799 1229 1862 eandem
1252 1801 1292 1863 de
1308 1800 1403 1864 Bello

183 1855 328 1996 ἓῒςζῗῖ
348 1903 443 1966 nirnis
454 1913 546 1967 erant
557 1902 690 1980 arentia,
702 1911 736 1965 et
746 1911 913 1986 pratorum
923 1901 1053 1986 irriguis
1065 1903 1173 1966 minus
1183 1903 1401 1983 abundabant,

182 1955 297 2047 Βῡῖἀω·
348 2029 392 2070 ex
402 2006 527 2070 abbatis
539 2005 716 2070 Gausberti
725 2004 1019 2088 monachorumque
1030 2004 1260 2082 admonitione,
1271 2006 1401 2090 quidam

346 2107 439 2170 miles
454 2129 497 2170 ex
510 2106 624 2171 vicinis
639 2104 823 2170 Osbernus¹
843 2105 973 2168 nomine
995 2105 1083 2167 filius
1099 2104 1261 2189 Hugonis,
1277 2129 1320 2170 ex
1342 2130 1401 2171 suo

346 2208 500 2286 dominio,
515 2207 710 2271 concedente
728 2205 858 2269 domino
880 2206 970 2269 illius
984 2207 1101 2270 comite
1117 2205 1207 2290 Augi
1221 2209 1400 2287 Willelmo,

346 2332 420 2372 cum
434 2309 519 2391 regis
532 2291 693 2372 Willelmi
719 2307 971 2387 confirmatione,
987 2308 1121 2392 triginta
1142 2331 1231 2372 acras
1254 2310 1339 2395 prati
1360 2313 1402 2375 ad

345 2433 527 2474 mensuram
554 2409 763 2473 Normanniae
786 2409 954 2487 dimensas,
982 2411 1017 2473 in
1038 2410 1142 2474 fundo
1172 2411 1307 2474 manerii
1337 2413 1399 2492 sui,

344 2511 502 2576 vocabulo
517 2511 682 2576 Bodeham
697 2522 821 2597 septem
834 2511 903 2575 fere
917 2511 1052 2575 milariis
1068 2512 1109 2574 ab
1129 2512 1264 2576 ecclesia
1287 2515 1399 2578 eadem

345 2613 506 2691 distantis,
535 2613 654 2699 partim
682 2613 852 2699 largitione
879 2635 939 2699 pro
969 2635 1027 2677 sua
1055 2635 1252 2697 suormnque
1284 2615 1399 2694 salute,

344 2717 463 2800 partim
498 2715 695 2795 venditione,
732 2715 871 2799 acceptis
898 2738 958 2799 pro
994 2737 1127 2779 munere
1163 2714 1400 2800 quinquaginta

345 2818 466 2895 solidis,
475 2817 510 2880 in
520 2827 717 2902 perpetuum
731 2817 949 2901 possidendas,
962 2817 1106 2880 ecclesiae
1116 2815 1212 2893 Belli,
1223 2817 1340 2881 liberas
1356 2821 1397 2882 ab

342 2918 498 2982 heredum
524 2941 656 2982 suorum
679 2929 713 2981 et
744 2917 881 2981 aliorum
906 2919 1051 2982 omnium
1076 2918 1236 2982 calumnia
1260 2919 1312 2983 vel
1341 2939 1400 2983 ex-

342 3019 480 3096 actione,
494 3029 529 3082 et
543 3019 583 3084 ab
599 3019 687 3082 omni
701 3019 935 3084 consuetudine
950 3019 1107 3084 concessit
1127 3031 1162 3084 et
1183 3020 1281 3098 dedit,
1297 3033 1399 3086 carta.

343 3142 407 3204 que
421 3143 479 3183 sua
493 3121 702 3186 confirmavit.

181 3235 331 3327 grtesffln’·
386 3222 437 3286 Eo
452 3222 549 3286 etiam
564 3231 709 3306 tempore
724 3223 856 3306 quidam
870 3223 1029 3287 baronum
1041 3223 1137 3306 regis,
1146 3223 1195 3286 vir
1209 3225 1399 3308 magnificus

180 3315 309 3426 ἔξω
344 3325 528 3389 Bernardus
547 3335 759 3408 cognomento
773 3325 813 3387 de
825 3324 920 3388 Novo
932 3325 1092 3402 Mercato,
1121 3326 1287 3410 cujusdam
1314 3349 1399 3412 prae·

344 3427 440 3491 dictae
463 3424 608 3491 ecclesiae
623 3425 709 3488 Belli
732 3425 879 3489 monachi
903 3425 1033 3488 nomine
1049 3425 1186 3509 Rogerii
1211 3429 1299 3512 apud
1322 3451 1398 3494 eum

343 3528 533 3612 aliquandiu
571 3527 656 3588 forte
693 3527 923 3590 commanentis
963 3527 1140 3612 inportuna
1181 3530 1397 3612 suggestione,

343 3629 449 3691 eidem
474 3627 618 3691 ecclesiae
646 3627 748 3690 sancti
762 3627 899 3690 Martini
925 3629 1012 3713 apud
1030 3627 1163 3692 Walliae
1187 3631 1396 3714 provinciam,

343 3752 418 3794 cum
431 3729 569 3814 quadam
578 3729 779 3814 possessione
789 3749 864 3813 quae
873 3729 979 3794 Vetus
990 3729 1080 3794 Villa
1088 3730 1219 3808 dicitur,
1230 3732 1396 3798 ecclesiam

343 3832 448 3895 eidem
463 3830 647 3913 contiguam
660 3831 762 3894 sancti
776 3830 798 3893 J
799 3831 933 3894 ohannis
947 3831 1165 3916 Evangelistae
1182 3842 1277 3897 extra
1290 3836 1396 3899 muni-

343 3933 465 3998 tionem
493 3932 588 3996 castri
618 3933 669 3996 sui
698 3933 737 3995 de
762 3932 982 3997 Brecchennio
1019 3934 1124 4013 sitam,
1153 3935 1289 4000 liberam
1321 3960 1395 4000 curn

342 4036 491 4098 omnibus
506 4034 547 4098 ad
560 4056 631 4097 earn
644 4034 886 4118 pertinentibus
900 4029 1057 4098 donavit.2
1101 4035 1210 4103 Quam
1220 4037 1395 4122 praedictus

376 4168 382 4198 ¹
402 4167 461 4219 One
479 4167 510 4219 of
525 4167 569 4219 the
588 4183 661 4219 same
679 4183 764 4234 name,
782 4166 843 4219 held
890 4167 946 4219 tion
958 4167 988 4218 ol
996 4167 1069 4220 these
1081 4177 1169 4238 granta
1182 4169 1208 4222 in
1220 4169 1265 4222 the
1278 4169 1393 4224 Monast.

339 4234 501 4288 herelhide
522 4235 573 4288 and
586 4239 603 4289 3
616 4237 727 4305 virgatas
747 4237 773 4288 in
797 4237 842 4288 the
890 4236 927 4290 iii.
949 4239 1009 4304 264,
1031 4241 1093 4291 266.
1130 4239 1279 4308 According
1298 4248 1326 4291 to
1346 4239 1392 4292 the

338 4305 402 4357 time
411 4305 441 4357 of
450 4304 495 4357 the
508 4305 614 4374 Survey.
633 4305 758 4359 Doomsd.
767 4306 786 4358 f.
796 4309 841 4358 20.
888 4306 983 4358 former
990 4306 1020 4358 of
1025 4306 1106 4376 these,
1114 4307 1148 4360 he
1155 4308 1211 4361 also
1221 4317 1320 4378 gaveto
1328 4308 1392 4361 Bat-

373 4374 383 4404 ¹
400 4374 448 4426 See
465 4373 509 4428 the
521 4373 635 4427 chantem
655 4375 682 4428 in
704 4374 840 4428 confirma-
888 4375 924 4429 tle
937 4375 1031 4445 Abbey
1043 4375 1088 4429 the
1100 4377 1197 4432 ohuroh
1210 4378 1241 4431 of
1249 4378 1393 4432 Bodeham.
