3278 5162
538 565 763 619 nouasrunn
789 565 838 614 DE
864 563 992 615 BELLO.
1246 549 1287 612 39

234 735 301 776 suae
329 713 511 793 Mathildis,
537 715 572 778 in
598 724 718 799 quaet
745 714 816 799 ipsa
840 712 974 777 mirifice
998 711 1125 796 sepulta
1138 709 1288 794 quiescit.

236 812 277 876 In
290 813 412 897 Anglia
433 837 510 879 vero
533 816 673 892 tertiam,
700 815 740 878 de
759 837 824 898 qua
839 837 926 877 nune
949 835 1052 876 sermo
1073 813 1238 890 actitatur,
1254 813 1289 876 in

233 913 305 978 loco
328 915 391 978 sibi
414 939 434 979 a
457 916 541 994 Deo,
557 927 596 980 ut
624 938 721 1001 supra
733 915 874 979 relatum
895 924 954 993 est,
970 914 1114 978 victoriae
1130 935 1287 978 concessae

235 1016 393 1094 fundavit,
419 1017 455 1080 in
477 1040 543 1102 qua
567 1028 602 1082 et
616 1040 650 1082 se
664 1016 791 1080 humari
812 1015 841 1079 si
854 1015 889 1078 in
904 1015 1027 1100 Anglia
1041 1015 1162 1080 obisset
1175 1017 1289 1100 procul

235 1113 335 1178 dubio
350 1114 501 1178 decrevit.
545 1115 602 1180 Ad
623 1137 719 1200 quam
733 1113 941 1183 dedicandam
961 1114 1053 1198 quia,
1078 1114 1160 1199 proh
1176 1115 1286 1180 dolor!

235 1236 300 1278 non
322 1215 495 1300 superfuit,
526 1218 630 1281 multo
659 1215 792 1280 minoris
821 1215 920 1301 pretii
949 1238 1047 1300 quam
1076 1227 1290 1300 proposuerat

234 1337 304 1378 eam
326 1317 474 1401 reliquit.
520 1317 607 1382 Nam
631 1317 721 1382 illam
745 1318 823 1382 dum
838 1317 1029 1394 inchoasset,
1057 1339 1101 1380 ex
1115 1318 1289 1402 praecipuis

235 1415 367 1501 Angliae
382 1418 524 1484 ecclesiis
539 1442 610 1484 eam
625 1419 849 1504 magnitudine
864 1441 900 1484 ac
915 1417 1036 1482 divitiis
1051 1418 1157 1481 facere
1171 1440 1290 1503 propo·

235 1529 352 1584 suerat.
398 1521 498 1588 Quod
512 1521 638 1584 efficere
653 1520 855 1605 praepeditur
868 1529 907 1583 ut
921 1519 1095 1603 praefatum
1110 1529 1160 1581 est
1174 1529 1288 1584 morte.

236 1617 331 1684 Unde
347 1621 486 1706 sapienti
502 1622 638 1686 cuilibet
651 1621 875 1706 persuadetur,
891 1622 1014 1685 bonum
1029 1620 1057 1684 si
1072 1620 1160 1704 quod
1173 1642 1291 1705 propo·

235 1721 301 1785 suit
314 1723 349 1786 id
363 1723 460 1788 hodie
476 1723 599 1788 scilicet
613 1723 691 1789 dum
706 1723 794 1800 licet,
810 1746 848 1786 eo
864 1723 952 1807 quod
965 1723 1091 1807 ignoret
1104 1731 1215 1786 utrum
1227 1722 1290 1786 sibi

235 1824 392 1888 crastinus
415 1826 607 1908 suffragetur
631 1825 699 1890 dies
714 1847 879 1910 peragere.
926 1824 1124 1889 Prudentius
1139 1835 1189 1888 est
1203 1825 1290 1888 enim

235 1921 431 1988 hodiernum
444 1925 538 1988 bonis
553 1948 739 1990 concessum
751 1947 906 2008 occupare
922 1925 1008 1990 diem
1018 1947 1115 2008 quam
1124 1948 1180 2009 spe
1192 1926 1291 1994 dubia

235 2027 358 2089 bonum
381 2025 588 2088 recrastinare
603 2026 817 2110 propositum.
864 2025 1035 2108 Siquidem
1049 2035 1083 2088 et
1098 2026 1138 2088 de
1152 2027 1291 2110 peractis

236 2127 331 2192 bonis
345 2126 488 2190 securius
500 2126 689 2210 gaudemus
714 2148 811 2210 quam
835 2124 874 2188 de
889 2125 1073 2211 propositis,
1090 2142 1165 2211 quae
1180 2135 1290 2190 utrum

237 2228 363 2292 efficere
376 2227 535 2312 possimus
546 2228 741 2312 ignoramus
787 2226 964 2292 Nonnullis
980 2227 1101 2292 ete'nim
1115 2227 1149 2292 id
1163 2227 1290 2306 accidit,

236 2330 323 2413 quod
338 2331 423 2394 bona
438 2330 566 2413 quando
580 2340 727 2414 possunt,
752 2330 830 2394 dum
854 2351 947 2412 agere
963 2329 1128 2406 differunt,
1150 2331 1241 2414 justo
1256 2329 1291 2394 in

236 2453 290 2494 eos
313 2430 379 2494 Dei
400 2431 526 2515 judicio
551 2432 674 2516 peccati
693 2453 791 2516 poena
812 2421 1021 2516 praevalente,¹
1034 2454 1099 2515 qua
1114 2431 1187 2515 quis
1202 2433 1291 2515 quod

235 2555 301 2596 uon
320 2532 455 2617 expedit
476 2555 570 2616 agere
595 2533 807 2617 permittitur,
831 2555 891 2596 nec
914 2533 1062 2599 voluntas
1084 2533 1291 2618 postmodnm

237 2633 424 2719 suppeditet
437 2656 497 2698 nec
511 2633 658 2698 facrdtas.
688 2635 923 2699 Verumtamen
937 2655 1012 2698 oum
1024 2635 1111 2698 bona
1123 2633 1291 2698 voluntate

237 2737 285 2800 nil
307 2736 463 2820 probetur
488 2735 598 2813 ditius,
622 2735 770 2820 praeclari
795 2734 881 2818 regis
896 2756 1099 2820 summopere
1114 2734 1292 2798 attollenda

237 2847 314 2902 sunt
351 2837 583 2904 munificentiae
621 2837 738 2915 studia,
781 2835 900 2920 quibus
930 2845 1022 2900 tanta
1050 2835 1193 2902 ecclesiae
1223 2859 1290 2902 suae

237 2939 369 3003 initians
394 2962 492 3004 manu
516 2939 671 3024 praestitit
684 2939 841 3024 largiflua,
858 2947 897 3002 ut
910 2961 968 3023 per
983 2938 1186 3005 succedentia
1200 2938 1291 3003 inha-

236 3040 415 3104 bitantibus
430 3052 576 3125 tempora
589 3041 617 3106 si
631 3063 783 3126 prospere
799 3041 1021 3125 disponantur,
1031 3041 1211 3126 probentur
1221 3041 1290 3104 fore

237 3143 440 3208 sufficientia.
490 3143 648 3206 Ecclesiae
673 3156 783 3208 autem
815 3164 893 3221 suoe,
924 3142 1103 3226 quamlibet
1130 3143 1291 3226 perpetim

238 3247 309 3330 ejus
331 3243 375 3307 sit
397 3243 580 3327 plangenda
593 3267 678 3308 mors
700 3244 873 3328 insperata,
895 3243 948 3308 cui
962 3265 1028 3306 non
1049 3242 1154 3306 solmn
1176 3244 1291 3306 damna

238 3347 399 3423 damnosa,
409 3365 522 3406 verum
532 3355 575 3423 et,
587 3345 746 3428 quodfari
761 3345 829 3408 sine
845 3366 984 3408 moerore
999 3343 1048 3407 fas
1062 3365 1128 3407 non
1143 3353 1203 3422 est,
1213 3343 1289 3408 hinc

236 3447 380 3512 accidere
406 3445 669 3524 irrestaurabilia,
696 3445 762 3510 Dei
791 3455 900 3512 tamen
930 3443 996 3508 suis
1025 3443 1155 3507 famulis
1183 3444 1289 3528 provi-

237 3549 326 3613 sione
352 3545 568 3632 prospiciente
590 3547 748 3632 largiflua,
777 3548 848 3632 ejus
873 3567 1041 3610 munerum
1068 3545 1238 3630 largitione
1252 3569 1289 3612 ac

237 3649 428 3716 auctoritate
453 3658 493 3712 ut
517 3648 834 3714 commemoravimus
865 3649 959 3727 fulta,
988 3647 1074 3712 inter
1097 3648 1290 3714 multimoda

237 3753 334 3838 hujus
349 3751 471 3829 saeculi,
481 3773 633 3838 prospere
648 3751 790 3830 interim,
801 3750 994 3828 discrimina,
1010 3750 1166 3817 hactenus
1181 3751 1289 3816 divina

236 3854 340 3938 gratia
354 3875 427 3918 eum
451 3853 607 3917 heredum
632 3853 721 3916 illius
752 3863 863 3918 tuetur
891 3875 928 3916 ae
950 3853 1140 3936 provehitur
1154 3852 1287 3918 benivo-

237 3955 348 4021 lentia.
396 3954 559 4020 Caeterum
572 3979 659 4018 nunc
674 3956 878 4038 accingamur
892 3955 933 4018 ad
947 3952 1187 4036 subsequentia.

282 4055 401 4120 Flebili
423 4056 524 4140 igitur
538 4057 619 4140 regii
639 4057 787 4120 decessus
805 4077 933 4119 rumore
954 4055 1125 4138 imperium
1139 4054 1286 4139 undique

238 4157 452 4235 concutiente,
476 4157 525 4220 vir
538 4157 712 4243 praeclarus
728 4155 910 4239 militiaque
926 4163 1075 4218 strenuus
1089 4154 1174 4238 regis
1187 4155 1286 4235 filius,

239 4259 377 4344 acceptis
392 4282 411 4323 a
424 4269 515 4346 patre
527 4256 696 4333 mandatis,
709 4265 747 4319 ut
761 4254 889 4340 praefati
904 4277 1025 4332 sumna,
1038 4253 1169 4340 Angliae
1185 4256 1287 4320 domi-

239 4371 372 4426 naturus
392 4384 492 4446 regno
513 4361 602 4425 ocius
617 4356 803 4443 supervenit
817 4356 1013 4432 Willelmus.
1060 4357 1129 4424 Qui
1144 4357 1288 4424 omnium
