3240 5154
365 535 430 606 174
666 553 837 606 ursinari
863 553 1111 608 rusnsnorns

362 713 487 788 purtem
509 703 664 788 majorem
682 704 823 790 pervigil
841 705 877 768 in
896 703 1419 788 orationetrnnsegitinsomnem,

361 827 397 870 se
410 828 605 891 causamque
625 829 717 871 suam
731 807 806 871 Deo
819 807 1056 886 commendans,
1070 817 1246 891 sanctoque
1261 807 1418 885 Μιιιιιιο,

198 933 334 976 mr·
361 920 402 973 ut
421 909 485 974 sibi
506 909 678 974 advocatus
692 911 797 988 fieret,
817 910 985 974 humiliter
999 911 1194 996 supplicans.
1239 911 1418 975 celebratis

239 987 396 1074 co'³¹''irr
409 1011 550 1076 crastino
571 1013 689 1076 divinis
708 1013 835 1091 officiis,
857 1013 1048 1099 simpliciter
1069 1035 1144 1077 cum
1163 1013 1232 1077 suis
1254 1015 1297 1077 ad
1309 1014 1416 1077 locum

359 1113 516 1178 decisioni
537 1137 644 1179 causae
665 1117 841 1200 praefixnm
861 1116 1030 1200 processit,
1049 1127 1142 1201 parte
1156 1117 1288 1180 adversa
1302 1139 1347 1180 ex
1360 1137 1417 1201 op-

358 1217 467 1301 posito
480 1218 632 1281 veniente
645 1240 720 1281 cum
734 1219 962 1282 adsoeatorum
975 1218 1199 1282 multitudine.
1222 1219 1417 1282 Procurator

357 1329 394 1382 et
416 1319 589 1383 advocatus
610 1319 797 1404 principalis
816 1320 853 1383 in
867 1342 964 1384 musa
984 1321 1087 1405 partis
1105 1321 1246 1384 adversae
1260 1332 1331 1384 erat
1344 1321 1415 1405 qui·

355 1421 430 1485 darn
444 1422 598 1506 magister
610 1421 669 1486 Ivo
683 1422 925 1499 Cornubiensis,
946 1424 1005 1506 qui
1018 1423 1196 1507 procedens
1210 1424 1246 1487 in
1259 1425 1413 1502 medium,

355 1522 547 1610 litterasque
560 1535 711 1609 patentes
720 1525 894 1589 Godefridi
904 1526 946 1589 de
960 1525 1044 1588 Luci
1058 1536 1137 1589 tnnc
1149 1526 1183 1589 in
1197 1527 1415 1590 transmarinis

354 1625 457 1690 scolas
465 1627 703 1711 frequentantis
716 1628 751 1690 in
765 1628 933 1713 publicum
947 1627 1125 1712 proferens,
1140 1627 1341 1692 commissam
1351 1628 1414 1692 sibi

355 1729 575 1794 manifestavit
596 1751 715 1807 cansae,
729 1730 1001 1815 procurationem,
1017 1739 1053 1793 et
1066 1727 1242 1794 Godefridi
1260 1730 1416 1794 ratihabi-

354 1829 489 1896 tionem.
532 1830 615 1895 Erat
629 1843 739 1895 autem
752 1843 831 1896 tunc
844 1831 905 1911 ibi,
926 1841 1043 1916 utpote
1057 1831 1100 1895 ad
1111 1832 1285 1896 concilium
1297 1834 1412 1908 vocati,

353 1930 620 1998 clerieonventns
629 1934 803 2012 maximus,
817 1956 883 1998 non
894 1945 1003 1998 tamen
1016 1934 1211 2019 presidente
1222 1933 1341 2018 legato,
1356 1936 1413 1999 sed

354 2034 550 2120 quibusdem
572 2059 706 2101 suorum
728 2037 850 2122 quihus
866 2057 972 2100 causae
986 2037 1190 2101 commiserat
1206 2038 1411 2103 decisionem.

191 2152 229 2192 ιω
192 2152 332 2253 mem
356 2136 519 2204 Praet'atus
537 2161 615 2224 ergo
628 2141 782 2224 magister
795 2139 895 2205 Ivo
869 2162 915 2204 src
929 2161 1065 2204 exorsus
1079 2140 1192 2203 ιιι.ι
1194 2140 1307 2204 ‘Satis
1320 2142 1412 2205 vobis

189 2215 312 2296 thoe-e
354 2239 477 2304 domini
497 2241 626 2326 judiees
648 2263 693 2305 ex
717 2241 844 2326 patenti
868 2241 1056 2306 testimonio
1080 2241 1263 2306 litterarum
1288 2241 1412 2308 domini

352 2365 418 2406 mer
408 2342 611 2408 'Godefiidi
635 2343 675 2407 de
698 2342 781 2407 Luci
800 2343 961 2408 credimus
983 2354 1140 2422 constare,
1163 2344 1270 2429 ipsum
1294 2355 1410 2430 utpote

353 2443 388 2508 in
402 2443 537 2508 remotis
551 2454 646 2508 extra
658 2445 721 2508 hoc
733 2467 871 2530 regnum
884 2447 1033 2530 partibus
1052 2445 1211 2509 scolamm
1226 2447 1335 2512 studia
1348 2447 1410 2510 fre·

351 2555 564 2631 queritantem
593 2546 671 2611 huic
694 2569 800 2612 causae
824 2567 893 2612 suae
917 2548 1074 2612 interesse
1095 2570 1161 2611 non
1186 2571 1292 2633 posse,
1314 2549 1410 2614 ιιιιιιι-

350 2671 415 2735 que
434 2671 563 2714 causam
577 2651 712 2714 eandem
726 2651 959 2737 procurandum
972 2651 1179 2716 commisisse.
1225 2650 1329 2737 Cujus
1350 2675 1410 2736 ego

349 2751 558 2818 advocatione
577 2763 737 2838 suscepta,
758 2775 824 2817 non
837 2754 996 2818 minorem
1010 2751 1092 2818 mihi
1106 2775 1204 2838 quam
1218 2754 1246 2817 si
1260 2754 1410 2818 dominus

348 2875 440 2919 meus
462 2877 605 2940 praesens
624 2856 751 2920 adesset
769 2856 902 2941 postulo
920 2856 990 2920 dari
1013 2856 1223 2934 audientiam,
1247 2857 1304 2921 sed
1318 2867 1409 2921 tanto

349 2956 598 3041 diligentiorem,
631 2967 755 3042 quanto
782 2979 912 3022 oarrsam
948 2982 1049 3044 quam
1077 2959 1249 3024 fovendam
1283 2959 1410 3045 suscepi

347 3066 474 3122 constat
487 3079 556 3122 esse
572 3059 754 3145 justiorem.
800 3059 886 3126 Cum
900 3061 970 3146 jam
984 3062 1062 3126 huic
1075 3061 1153 3125 vitae
1167 3061 1266 3126 finem
1280 3061 1411 3126 fecisset

348 3158 398 3224 vir·
410 3159 602 3225 venerabilis
613 3160 780 3226 Walterus
794 3161 895 3226 abbas
908 3164 949 3227 de
965 3162 1070 3242 Bello,
1082 3161 1206 3228 domini
1220 3164 1285 3228 mei
1299 3163 1411 3228 Gode-

349 3260 426 3328 fridi
449 3271 596 3348 patruus,
612 3262 714 3328 totius
737 3265 924 3330 monasterii
948 3266 1119 3352 dispositio
1144 3267 1180 3330 in
1193 3267 1293 3351 regiae
1318 3266 1410 3330 sulli-

348 3365 471 3431 mitatis
492 3365 623 3430 devenit
640 3376 846 3452 potestatem,
872 3369 955 3432 adeo
968 3379 1008 3433 ut
1021 3369 1056 3432 in
1071 3369 1195 3432 domini
1208 3369 1293 3453 regis
1307 3367 1409 3432 fuerit

349 3467 494 3546 arbitrio,
521 3469 707 3533 monasterii
729 3468 833 3555 ipsius
854 3471 996 3555 regimen
1018 3472 1071 3535 cui
1093 3472 1194 3536 vellet
1206 3471 1408 3536 committere

347 3591 423 3634 cum
438 3579 548 3634 tamen
570 3570 605 3635 in
627 3571 794 3637 voluntate
813 3596 878 3638 non
901 3573 1053 3638 habuerit
1074 3575 1217 3660 aliquem
1235 3574 1271 3638 in
1291 3596 1330 3638 eo
1344 3573 1407 3637 nisi

348 3670 501 3736 canonice
522 3671 661 3738 electum
682 3675 847 3742 substitui.
893 3675 1050 3742 Nondum
1071 3699 1171 3764 penes
1192 3699 1227 3741 se
1248 3675 1408 3740 delibera·

348 3783 439 3838 verat
467 3774 617 3861 majestas
646 3775 746 3860 regia,
768 3777 822 3840 eui
845 3780 1078 3844 monasterialis
1106 3779 1307 3864 praelationis
1329 3801 1406 3841 eon-

348 3875 448 3942 ferret
475 3876 642 3957 honorem,
669 3899 743 3943 curn
772 3880 988 3964 presbiterum
1012 3883 1173 3968 quendam
1199 3881 1405 3945 Willelmum

348 4001 516 4064 personam
540 3980 684 4046 ecolesiae
708 3981 747 4046 de
768 3981 827 4045 Wi
850 3983 988 4068 contigit
1009 3984 1086 4048 huic
1106 3984 1183 4048 vitae
1208 3983 1406 4047 renuntiare.

348 4081 510 4148 Dominus
524 4106 584 4148 rex
598 4084 734 4162 ratione,
756 4107 822 4169 qua
835 4085 946 4170 potuit
960 4087 1000 4151 de
1017 4086 1121 4150 totius
1134 4085 1321 4150 monasterii
1336 4107 1406 4149 cor-

347 4205 425 4269 pore
440 4207 499 4270 pro
513 4185 678 4251 voluntate
694 4186 875 4273 disponere,
891 4187 1080 4272 praedictam
1102 4189 1268 4253 ecclesiam
1290 4188 1330 4251 de
1346 4187 1405 4250 Wi

346 4284 382 4348 in
397 4285 498 4351 fundo
513 4287 700 4354 monasterii
721 4289 816 4354 sitam
834 4289 965 4354 domino
979 4313 1052 4356 meo
1069 4291 1251 4356 Godefrido
1266 4291 1306 4354 de
1321 4289 1406 4353 Luci

346 4385 477 4471 pietatis
492 4399 526 4452 et
540 4389 682 4455 caritatis
696 4390 854 4455 concessit
868 4391 1002 4471 intuitu,
1018 4403 1053 4457 et
1067 4403 1154 4457 carta
1168 4415 1236 4470 sua,
1253 4415 1350 4477 quam
1365 4392 1406 4454 sd
