3278 5162
335 502 375 574 78
628 525 797 577 maroam
827 526 1076 580 ruuornorus

332 682 367 736 et
391 673 546 738 honorem
570 685 671 740 tantae
698 676 903 740 excellentiae
928 679 1041 762 patris,
1066 677 1102 741 in
1121 679 1282 758 omnibus,
1298 679 1386 744 salvo

332 775 476 860 ejusdem
490 777 592 860 patris
605 777 738 856 honore,
751 788 785 842 et
798 779 954 842 fidelitate
969 779 1065 843 simul
1079 791 1113 844 et
1123 780 1246 845 honore
1261 782 1385 846 domini

331 877 434 940 nostri
459 877 543 960 regis
569 877 712 963 Angliae,
739 891 773 943 et
797 901 946 964 personae
972 891 1102 958 nostrae,
1129 893 1229 966 atque
1262 883 1385 946 ordinis

331 978 444 1056 nostri,
468 979 555 1043 salvo
570 981 668 1044 etiarn
686 983 763 1067 jure
790 983 934 1046 ecclesiae
956 995 1087 1060 nostrae‚
1110 985 1216 1069 parati
1238 985 1385 1070 ejusdem

330 1102 441 1164 parere
461 1083 662 1167 praeceptis.”
709 1083 772 1146 His
788 1086 934 1170 ejusdem
949 1085 1093 1151 ecclesiae
1109 1087 1248 1150 decanus
1263 1085 1383 1149 auditis

328 1181 498 1266 prohibuit
521 1207 563 1247 ne
588 1185 706 1269 aliquis
729 1187 760 1250 ei
782 1188 846 1250 nisi
868 1189 959 1273 prius
985 1189 1119 1253 consilio
1145 1188 1382 1252 communicato

328 1305 518 1368 responsum
543 1287 702 1351 redderet.
749 1287 999 1375 Convocansque
1029 1291 1160 1375 majoris
1181 1289 1383 1353 auctoritatis

328 1384 444 1450 fratres
470 1397 604 1466 secreto,
635 1411 812 1474 eorumque
842 1413 920 1455 usus
949 1393 1093 1469 consilio,
1122 1391 1231 1467 rediit,
1261 1400 1296 1454 et
1330 1389 1382 1454 his

198 1513 209 1541 e
276 1503 292 1542 ἰ
328 1487 479 1552 abbatem
503 1491 609 1554 verbis
633 1493 768 1580 affaturr
806 1497 828 1528 “
838 1493 1015 1572 Nimirum,
1045 1493 1224 1556 venerande
1251 1491 1381 1556 domine

328 1590 436 1669 abbas,
453 1600 492 1654 ut
506 1613 540 1654 se
554 1615 605 1656 res
619 1593 729 1671 habet,
741 1605 905 1680 praecepto
920 1594 1043 1658 domini
1056 1614 1151 1680 papae
1166 1593 1382 1657 summonitus

327 1691 391 1754 huc
405 1693 588 1759 advenistis.
634 1695 732 1760 Nunc
745 1697 847 1779 igitur
860 1707 972 1774 restat,
984 1697 1137 1780 quatinus
1149 1695 1242 1758 nobis
1255 1695 1381 1758 litteras

327 1793 449 1856 domini
474 1816 569 1879 papae
589 1797 680 1860 vobis
703 1797 841 1861 directas
864 1798 1051 1876 ostendatis,
1072 1809 1112 1860 ut
1134 1819 1193 1882 per
1215 1797 1286 1859 illas
1302 1816 1378 1882 quae

326 1896 420 1959 nobis
445 1908 609 1982 praecepta
631 1909 708 1968 sunt
733 1900 845 1964 ordine
868 1900 1067 1984 competenti
1081 1909 1197 1962 vestrae
1210 1897 1377 1962 dilectioni

324 1997 512 2082 pandamus.
557 1999 714 2084 Eritque,
744 2001 869 2066 ratione
906 2002 1059 2078 dictante,
1096 2001 1148 2064 his
1181 2020 1255 2086 quae
1286 1999 1378 2064 vobis

325 2122 436 2163 earum
451 2100 642 2164 auctoritate
657 2103 785 2187 objecta
807 2103 932 2166 fuerint
954 2103 1091 2167 demisso
1115 2102 1211 2167 vultu
1234 2101 1376 2178 obedire,
1455 2107 1467 2129 ¹

324 2211 383 2265 aut
414 2203 587 2286 supercilio
613 2214 719 2266 erecto
753 2204 942 2269 contraire.”
998 2204 1110 2268 Abbas
1146 2225 1222 2268 vero
1252 2203 1377 2266 litteras

324 2323 433 2364 secum
455 2325 562 2386 neque
586 2305 752 2383 detulisse,
777 2328 884 2390 neque
911 2328 1108 2390 quemquam
1133 2327 1167 2369 se
1193 2327 1291 2390 super
1314 2305 1376 2370 hoc

323 2403 509 2467 convenisse
523 2405 726 2488 perhibebat.
772 2407 867 2470 Tunc
892 2407 1025 2490 quidam
1049 2430 1093 2470 ex
1107 2406 1231 2470 clericis
1254 2406 1375 2469 decano

322 2506 603 2590 contra-scriptum
634 2508 816 2573 litterarum
841 2509 972 2588 obtulit,
996 2511 1172 2595 jussusque
1199 2509 1235 2572 in
1257 2507 1374 2572 auditu

322 2608 468 2671 omnium
481 2609 631 2693 perlegit.

193 2735 204 2762 e
231 2735 243 2763 0
258 2722 286 2764 a
367 2708 561 2773 “Adrianus
576 2709 756 2794 episcopus,
773 2733 883 2775 servus
897 2733 1061 2775 servorum
1076 2710 1153 2788 Dei,
1169 2711 1288 2774 dilecto
1302 2709 1373 2774 filio

167 2785 178 2812 e
209 2785 225 2813 ἢ
323 2810 483 2874 Gauterio
497 2811 608 2874 abbati
623 2813 663 2875 de
678 2811 783 2889 Bello,
800 2812 937 2876 salutem
951 2823 985 2876 et
1001 2813 1209 2897 apostolicam
1223 2811 1374 2876 benedic·

321 2912 454 2976 tionem.
499 2913 603 2976 Recte
617 2936 637 2975 a
652 2912 718 2994 suis
733 2913 872 2976 subditis
886 2913 935 2976 illi
951 2914 1135 2978 obedientia
1150 2914 1373 2997 denegabitur,

321 3014 379 3099 qui
404 3037 462 3078 suo
484 3013 620 3099 praelato
645 3013 786 3077 debitam
811 3024 938 3076 recusat
963 3015 1180 3079 obedientiam
1206 3013 1372 3078 exiribere.

322 3115 475 3178 Pervenit
498 3116 539 3178 ad
564 3137 633 3191 noa,
649 3116 738 3198 quod
752 3115 928 3178 venerabili
954 3115 1046 3180 fratri
1069 3127 1190 3192 nostro,
1206 3114 1250 3179 Y.
1266 3113 1372 3178 Cices·

320 3217 421 3281 trensi
436 3218 596 3302 episcop0,
614 3216 666 3280 cui
680 3215 913 3300 professionem
932 3216 1048 3294 fecisti,
1063 3217 1205 3280 debitam
1220 3216 1373 3280 obedien·

321 3319 399 3383 tiam
425 3320 604 3397 subtrahas,
631 3328 666 3382 et
689 3319 791 3403 ipsius
817 3319 1014 3382 contradicas
1038 3318 1168 3382 obedire
1200 3318 1371 3384 mandatis.

322 3421 422 3489 Quod
436 3444 533 3506 quam
547 3420 765 3506 perniciosum
785 3421 837 3498 sit,
854 3432 889 3484 et
912 3421 1000 3485 omni
1023 3420 1141 3484 rationi
1164 3419 1371 3497 contrarium,

320 3524 348 3586 si
362 3523 459 3608 primi
473 3521 613 3584 hominis
632 3544 764 3605 poenam
787 3524 829 3586 ad
854 3523 1043 3586 memoriam
1067 3523 1247 3599 reduceres,
1262 3543 1372 3606 posses

321 3625 361 3688 de
387 3623 475 3686 facili
498 3622 653 3685 invenire.
712 3623 857 3707 Ideoque
883 3647 943 3709 per
967 3624 1141 3710 praesentia
1166 3623 1228 3686 tibi
1254 3622 1373 3706 scripta

320 3725 519 3803 mandamus,
544 3723 697 3808 quatinus
723 3725 754 3787 ei
777 3735 932 3809 tanquam
957 3725 1107 3810 episcopo
1134 3734 1191 3788 tuo
1217 3733 1251 3788 et
1275 3723 1371 3809 patri,

320 3837 419 3912 atque
445 3825 622 3890 commissae
648 3825 710 3890 sibi
735 3827 887 3905 ecclesiae,
913 3829 1041 3891 studeas
1064 3826 1205 3890 fideliter
1229 3825 1371 3890 obedire.

320 3929 490 4013 Alioquin,
514 3928 593 3991 scire
615 3937 647 3991 te
663 3927 812 3990 volumus
828 3930 915 4012 quod
940 3927 1134 3992 sententiam
1158 3949 1256 4012 quam
1278 3927 1315 3989 in
1339 3937 1372 3990 te

320 4032 407 4095 idem
421 4030 521 4094 frater
535 4039 644 4093 noster
657 4039 790 4114 propter
803 4030 864 4094 hoc
878 4029 1030 4094 canonice
1044 4028 1306 4114 promulgaverit,
1314 4050 1372 4090 nos

321 4144 451 4197 auctore
468 4131 541 4195 Deo
556 4141 657 4195 ratam
679 4131 880 4196 habebimus.
926 4132 1013 4194 Data
1028 4131 1155 4207 Romae,
1172 4131 1259 4216 apud
1269 4129 1374 4192 Sanc·

322 4245 392 4298 tum
408 4235 553 4312 Petrum,
569 4233 716 4297 kalendis
732 4233 877 4298 Martii.”

154 4329 270 4418 ᾘξιῇἷξξζῖ
364 4335 513 4421 Epistola
524 4335 675 4418 perlecta,
693 4339 714 4370 “
725 4333 906 4413 Audistis,''
921 4333 1031 4419 inquit
1040 4334 1191 4412 decanus,
1209 4339 1230 4370 “
1243 4333 1372 4397 domine

1412 1352 1431 1398 “
1629 1351 1633 1586 l
