3240 5154
528 569 752 623 noursmau
778 569 827 620 os
852 567 978 620 smne.
1213 551 1276 616 163

216 723 453 802 dormitorium,
481 722 560 787 alias
584 745 643 808 per
666 721 775 786 omnia
803 728 1008 786 conversatus
1033 718 1067 782 in
1092 717 1158 782 illis
1183 718 1275 803 quasi

218 849 302 891 unus
321 849 366 890 ex
390 826 466 890 illis.
512 824 552 889 In
567 835 672 910 gestu,
699 834 784 902 actu,
808 823 981 900 ethabitu,
1003 821 1085 885 nihil
1100 819 1274 899 tumidum,

217 929 300 993 nihil
324 930 412 1013 quod
436 928 578 993 levitatis
602 937 712 991 notam
738 925 957 1012 praetenderet
970 921 1170 1000 ostendebat,
1188 923 1275 986 bona

217 1031 389 1116 providens
414 1053 552 1116 semper,
575 1040 609 1094 et
630 1031 665 1094 in
680 1029 831 1094 omnibus
845 1050 911 1092 non
926 1037 1054 1091 tanturn
1068 1047 1174 1090 coram
1187 1024 1272 1103 Deo,

216 1134 274 1198 sed
289 1133 386 1197 etiam
397 1155 503 1197 coram
517 1132 713 1196 hominibus.
745 1131 857 1194 Inerat
870 1129 902 1193 ei
917 1129 1055 1193 discreta
1069 1127 1225 1191 modestia
1239 1137 1274 1190 et

217 1236 362 1300 modesta
376 1235 539 1313 discretio,
552 1233 717 1298 communi
732 1232 902 1316 fragilitati
917 1230 1182 1308 condescendere,
1204 1251 1272 1294 om-

215 1339 311 1403 nibus
326 1338 433 1402 omnia
447 1339 529 1416 fieri,
555 1337 669 1402 nolens
689 1359 709 1401 a
728 1336 813 1401 malo
830 1335 916 1400 vinci
940 1335 997 1398 sed
1017 1333 1118 1420 magis
1138 1334 1272 1398 studens

213 1442 249 1506 in
270 1442 357 1506 bono
381 1441 520 1506 vincere.
566 1440 608 1504 In
623 1440 884 1526 expositionibus
899 1438 1132 1523 scripturarum
1147 1437 1271 1500 divina-
1283 1458 1398 1509 sxpounr·

212 1565 296 1622 rum,
312 1553 346 1607 et
359 1543 395 1606 in
404 1542 607 1620 tractatibus,
624 1564 705 1627 quos
716 1543 944 1625 undecumque
960 1562 1089 1603 sumens
1103 1539 1270 1604 materiam
1282 1508 1403 1607 {lidf'lli

213 1644 265 1709 vel
280 1645 315 1708 irr
330 1644 487 1730 scriptum
506 1643 673 1729 redigebat
686 1643 738 1707 vel
753 1644 794 1707 ad
808 1641 1045 1707 edificationem
1067 1641 1269 1706 audientium
1281 1609 1381 1747 ῗιῖῗῖξῖἶ

214 1769 300 1811 nunc
325 1745 443 1810 Latine
470 1767 556 1810 nunc
584 1745 714 1811 Gallico
736 1747 905 1823 sennone,¹
920 1746 1108 1830 frequenter
1131 1767 1208 1810 vero
1229 1746 1271 1810 ad
1282 1709 1426 1811 {bibli-md

215 1848 454 1913 edificationem
476 1849 567 1912 rudis
582 1849 670 1934 vulgi
690 1850 803 1934 lingua
825 1859 969 1913 materna
982 1848 1112 1935 publice
1127 1871 1272 1933 pronun·

215 1950 328 2029 tiabat,
350 1961 416 2015 tam
441 1951 581 2030 evidens,
605 1961 672 2016 tam
697 1953 865 2030 facundus,
890 1963 956 2016 tam
985 1962 1095 2036 gratus
1121 1953 1271 2016 omnibus

215 2055 401 2139 apparebat,
418 2063 457 2117 ut
472 2075 547 2138 quae
563 2054 698 2118 obseura
712 2055 915 2134 videbantur,
932 2063 966 2117 et
980 2055 1020 2117 ab
1036 2054 1179 2138 antiquis
1195 2055 1271 2120 doc·

215 2155 341 2220 toribus
357 2155 465 2221 minus
484 2155 667 2241 explanata,
683 2155 792 2220 lucida
805 2157 955 2222 redderet
972 2165 1006 2218 et
1020 2155 1268 2236 evidentissima,

204 2279 273 2322 -nec
284 2257 468 2322 fastidirent
478 2257 658 2337 audientes,
670 2257 748 2322 licet
759 2258 953 2344 quandoque
963 2257 1112 2321 diffusius
1122 2257 1272 2342 loquere-

213 2371 277 2439 tur,
293 2360 458 2444 loquentis
472 2359 707 2448 prolixitatem,
720 2369 790 2424 tum
805 2381 952 2445 personae
968 2369 1040 2426 tum
1054 2360 1209 2424 sermonis
1229 2361 1271 2424 ab

213 2484 252 2526 eo
266 2462 384 2548 prolati
399 2461 552 2528 delectati
567 2461 748 2526 dulcedine.
793 2461 1012 2526 Excitabatur
1026 2483 1065 2526 eo
1079 2461 1217 2547 amplius
1229 2462 1271 2524 ad

213 2586 288 2628 eum
302 2564 500 2628 audiendum
513 2563 659 2626 fidelium
680 2563 821 2641 devotio,
845 2565 923 2628 dum
947 2564 1055 2648 ipsum
1075 2585 1141 2627 non
1164 2574 1271 2628 atten-

214 2667 435 2739 derent-aliud
456 2666 647 2750 loquentem
673 2675 707 2728 et
729 2665 819 2729 aliud
841 2675 1040 2750 operantem,
1065 2663 1143 2747 quia
1164 2685 1198 2726 se
1220 2687 1271 2726 se-

214 2768 356 2832 cundum
380 2767 469 2852 quod
494 2789 550 2832 ore
576 2766 773 2853 proferebat,
794 2785 931 2851 operum
957 2765 1151 2830 executione
1177 2766 1271 2830 exhi-

213 2871 322 2934 bebat.
369 2869 561 2934 Interiorem
585 2870 684 2933 vitam
711 2869 793 2954 ejuS,
819 2877 853 2932 et
876 2867 1028 2932 intimum
1053 2867 1138 2932 circa
1161 2866 1270 2931 Deum

214 2983 248 3037 et
267 2972 455 3059 proximum
471 2970 651 3036 devotionis
673 2971 826 3035 affectum
850 2971 958 3036 divino
983 2971 1127 3035 examini
1145 2971 1214 3056 jam
1230 2970 1270 3034 de

214 3084 332 3138 caetero
357 3074 570 3150 dimittentes,
592 3072 732 3156 qualiter
753 3073 789 3137 in
811 3095 919 3138 rerum
945 3073 1007 3137 sibi
1031 3073 1270 3137 commissarum

214 3174 370 3260 regimine
386 3198 419 3238 se
436 3174 587 3238 habuerit
600 3175 862 3258 perstringamus.

258 3276 343 3342 Cum
356 3287 430 3361 post
444 3284 626 3359 susceptam
641 3276 681 3340 ab
697 3276 936 3362 archiepiscopo
950 3276 1219 3356 benedictionem,
1236 3289 1270 3342 et
1283 3309 1409 3362 amns

214 3381 249 3444 in
271 3377 424 3465 pastorali
447 3377 602 3463 regimine
622 3378 909 3458 confirmationem,
934 3402 993 3465 per
1014 3380 1141 3464 aliquot
1154 3381 1221 3445 dies
1235 3363 1394 3464 inl’tffl‘*

214 3481 408 3548 monasterio
423 3502 482 3544 suo
496 3479 677 3558 resedisset,
702 3480 801 3566 ajam
821 3482 998 3546 substituto
1013 3482 1075 3546 sibi
1090 3505 1270 3548 successore

212 3585 247 3650 in
263 3582 503 3649 Cantuariensis
515 3581 659 3646 ecclesiae
670 3581 792 3647 Christi
804 3583 949 3670 prioratu
965 3584 1168 3666 Benedicto,²
1182 3597 1272 3673 post-

213 3688 345 3752 modum
372 3685 533 3771 Burgensi
551 3685 682 3762 abbate,
709 3695 840 3770 rogatus
867 3685 1073 3752 Cantuariam
1095 3689 1186 3768 adiit,
1214 3690 1271 3754 ubi

213 3814 286 3876 cunr
302 3800 391 3855 tanta
415 3789 609 3855 solennitate
633 3812 652 3852 a
674 3789 904 3874 monachorum
924 3791 1145 3870 universitate,
1170 3803 1204 3855 et
1227 3793 1271 3856 ci-

251 3990 259 4022 ¹
273 3989 338 4043 This
359 3989 383 4043 is
400 3987 579 4060 undoubtedly
591 3988 635 4041 the
648 4005 719 4042 same
770 3989 872 4084 bishop.
916 3990 965 4043 See
986 3991 1119 4044 Sumner’s
1135 3994 1153 4022 “
1165 3993 1272 4045 Canter-

215 4060 304 4114 Abbot
324 4058 382 4112 who
403 4059 542 4130 composcd
559 4075 576 4112 a
595 4058 665 4128 gloss
686 4077 720 4112 ou
770 4059 863 4130 bury,'
880 4060 908 4114 ii.
929 4063 988 4113 115.
1023 4061 1142 4114 Amore
1161 4061 1273 4115 detailcd

214 4130 259 4184 the
279 4129 388 4196 Psalter,
407 4128 488 4182 found
517 4128 554 4198 by
575 4127 674 4181 Leland
693 4129 720 4182 in
772 4139 881 4183 account
902 4129 932 4182 of
949 4129 1004 4182 him
1020 4130 1073 4183 will
1091 4131 1124 4184 be
1145 4131 1225 4184 found
1246 4132 1274 4184 in

214 4201 259 4254 the
272 4197 508 4270 libraryofBattle
521 4197 623 4268 Abbey.
660 4198 721 4251 col-
773 4199 903 4253 Gunton's
928 4202 944 4232 ⁴¹
961 4201 1067 4272 History
1091 4201 1121 4254 of
1154 4201 1275 4254 Peterbo·

215 4270 278 4326 lect,
297 4287 337 4324 111.
360 4273 403 4324 68.
439 4269 488 4322 See
512 4268 556 4322 the
581 4267 721 4322 additional
773 4269 880 4351 rough,’‘
901 4287 928 4342 p.
950 4271 1019 4334 2855
1038 4271 1124 4324 drawn
1142 4271 1207 4325 from
1227 4273 1277 4326 ori-

217 4350 313 4462 noille
325 4428 378 4465 was
389 4408 535 4464 chancellor
553 4416 580 4461 to
593 4407 636 4460 the
649 4409 723 4461 arch-
773 4339 843 4498 {mal
854 4357 967 4392 sources·

1149 4502 1196 4550 ni
