3240 5154
497 581 499 584 ’
556 607 780 661 uounsrnrrr
804 609 853 659 nu
875 609 1001 661 nunno.
1231 597 1293 661 165

236 765 311 840 post
334 756 498 820 modicum
511 780 573 820 rex
595 757 630 821 in
653 757 760 821 medio
783 780 953 843 procerum
972 757 1292 835 suorumresideret,

236 858 336 921 abbas
351 859 527 944 procedens
542 869 661 924 cartam
676 883 767 924 suam
786 869 948 925 vetustate
963 861 1149 946 dissipatam
1167 861 1201 924 in
1217 883 1295 924 con-·

238 972 353 1046 spectu
373 963 517 1026 omnium
543 963 724 1048 proposuit,
751 973 785 1027 et
810 974 848 1028 ut
870 965 960 1049 regia
982 965 1173 1028 auctoritate
1197 985 1292 1028 reno-

239 1074 369 1128 varetur
394 1066 543 1150 expetiit.
600 1065 693 1150 Rege
718 1088 815 1152 super
842 1065 915 1143 hoc,
940 1065 967 1129 si
992 1063 1175 1130 faciendum
1206 1074 1293 1129 esset

239 1187 350 1245 necne,
371 1166 534 1252 judicium
556 1189 726 1252 procerum
751 1167 949 1251 requirente,
977 1172 999 1203 “
1015 1166 1153 1245 Decet,’'
1178 1166 1289 1252 inquit

237 1266 396 1344 Ricardus
419 1269 458 1331 de
481 1269 575 1347 Luci,
601 1274 622 1305 “
632 1269 725 1332 decet
747 1291 802 1332 vos
826 1269 854 1332 si
880 1268 987 1354 placet
1008 1269 1137 1333 domine
1168 1279 1288 1336 cartam

234 1365 383 1429 ecclesiae,
394 1367 435 1429 de
445 1365 539 1429 Bello
547 1388 710 1444 renovare,
723 1367 816 1452 cujus
828 1365 928 1430 etiam
941 1367 968 1430 si
983 1390 1094 1432 omnes
1105 1377 1202 1431 cartae
1214 1391 1288 1452 per-

232 1466 344 1546 issent,
366 1490 425 1532 nos
449 1491 559 1532 omnes
580 1476 680 1533 'cartae
704 1469 776 1554 ejus
797 1491 865 1534 esse
891 1469 1057 1546 debemuS,
1083 1469 1141 1553 qui
1156 1470 1196 1532 de
1211 1493 1287 1534 con-

231 1569 407 1654 quisitione
423 1572 511 1654 apud
525 1570 656 1634 Bellum
670 1569 756 1633 facta
766 1569 890 1633 feodati
905 1592 1026 1635 sumus.
1071 1570 1118 1634 Et
1133 1572 1286 1655 quoniam

228 1672 390 1757 judicium
404 1681 551 1736 nostrum
571 1683 682 1736 utrum
696 1671 881 1736 faciendum
900 1673 944 1735 sit
961 1694 1062 1737 necne
1077 1673 1221 1758 exigitiS,
1248 1685 1287 1740 ut

231 1783 351 1836 cartam
366 1774 553 1859 praedictam
568 1775 759 1840 auctoritate
773 1784 878 1838 vestra
893 1774 1109 1839 confimrando
1124 1777 1286 1840 renovetis

229 1875 481 1960 adjudicamus.”
523 1877 601 1941 Rex
619 1879 660 1941 ad
681 1877 762 1955 haec,
784 1887 896 1941 vocato
911 1876 1058 1940 Waltero
1074 1878 1112 1941 de
1129 1877 1285 1943 Constan-

230 1977 299 2054 ciis,
324 1988 402 2041 tunc
425 1979 614 2042 cancellario
638 2002 709 2056 suo,
733 1981 941 2065 postmodum
956 1977 1176 2043 Lincolniensi
1198 1981 1283 2066 epis·

229 2103 321 2165 copo,
347 2091 380 2144 et
394 2091 469 2166 post
483 2082 646 2144 modicum
661 2080 918 2166 Rothomagensi
939 2081 1190 2167 archiepiscopo,
1211 2084 1283 2168 jus-

228 2182 270 2246 sit
293 2194 410 2249 cartam
434 2205 549 2248 novam
572 2183 711 2248 nominis
735 2193 768 2248 et
790 2183 888 2268 sigilli
910 2184 993 2269 regii
1016 2185 1193 2271 secundum
1215 2185 1287 2249 fon·

227 2309 311 2350 mam
325 2295 422 2350 cartae
435 2286 554 2350 veteris
569 2285 651 2364 fieri,
675 2285 868 2372 praeoipiens
883 2296 980 2350 cartae
994 2309 1087 2351 novae
1106 2287 1230 2372 imponi
1246 2310 1280 2352 se

226 2387 499 2452 confirmationem
524 2388 613 2452 illam
635 2388 749 2453 fecisse
768 2412 829 2475 pro
851 2412 958 2453 amore
981 2387 1046 2452 Dei
1072 2398 1106 2453 et
1119 2389 1279 2473 petitione

225 2491 348 2555 Odonis
363 2491 499 2567 abbatis,
515 2513 633 2555 nomen
648 2500 682 2554 et
701 2491 855 2554 meritum
870 2491 1016 2576 ejusdem
1031 2491 1157 2556 abbatis
1167 2491 1277 2556 volens

222 2616 289 2658 esse
305 2594 340 2656 in
353 2593 584 2657 recordatione.
618 2592 665 2656 Et
680 2592 833 2676 quoniam
847 2591 882 2654 in
897 2591 993 2655 cartis
1009 2600 1042 2654 et
1055 2593 1275 2670 munimentis,

222 2696 388 2760 adiversis
413 2695 568 2780 personis,
585 2694 710 2758 diverso
733 2703 877 2777 tempore
893 2715 990 2777 super
1010 2693 1121 2756 eodem
1144 2694 1275 2777 negotio

221 2799 316 2878 datis,
340 2799 422 2863 solet
447 2797 480 2861 in
504 2797 739 2883 posterioribus
761 2795 905 2880 priorum
932 2794 1054 2858 mentio
1077 2793 1159 2872 fieri,
1175 2794 1222 2859 ita
1236 2806 1275 2860 ut

221 2903 309 2988 quod
331 2900 492 2986 posterius
515 2910 565 2964 est
587 2899 736 2963 videatur
757 2896 1013 2982 praecedentium
1036 2895 1166 2979 exigere
1182 2898 1274 2962 testi-

216 3004 361 3068 monium
386 3002 574 3088 hujusmodi
587 3001 704 3079 verbis,
728 3005 750 3035 “
763 3000 848 3064 sicut
871 3008 958 3063 carta
980 2997 1037 3062 illa
1050 2997 1102 3062 vel
1122 2998 1211 3063 illius
1238 3001 1273 3065 N

217 3104 386 3182 testatur‚'’
405 3105 504 3189 jussit
518 3127 579 3168 rex
592 3127 633 3166 ne
656 3103 799 3166 clausula
813 3102 870 3166 illa
882 3101 1088 3178 insereretur,
1105 3102 1161 3164 sed
1175 3102 1271 3166 aliam

217 3217 313 3270 antea
332 3205 520 3269 inusitatam
544 3205 614 3290 ipse
635 3205 779 3282 dictavit,
803 3215 838 3268 et
858 3226 955 3288 super
976 3203 1027 3267 his
1051 3225 1126 3286 quae
1147 3204 1271 3268 viderat

214 3310 249 3372 in
263 3330 400 3393 persona
413 3307 544 3393 propria
566 3305 788 3370 testimonium
803 3305 986 3390 perhibens,
1002 3313 1099 3368 cartae
1114 3306 1270 3391 praecepit

215 3410 350 3494 imponi,
375 3409 438 3474 hoc
462 3410 577 3473 modo:
606 3406 810 3475 “Quoniam
829 3406 959 3491 inspexi
973 3415 1091 3470 cartam
1108 3407 1268 3474 Willelmi

212 3513 323 3597 proavi
337 3513 412 3589 mei,
435 3512 470 3575 in
485 3535 550 3598 qua
563 3510 763 3596 praescriptae
776 3509 943 3573 libertates
963 3519 997 3573 et
1011 3511 1212 3595 quietantiae,
1234 3523 1269 3578 et

212 3615 325 3680 liberae
339 3615 588 3680 consuetudines
603 3616 643 3679 ab
659 3637 698 3678 eo
711 3612 857 3698 praefatae
872 3612 1015 3676 ecclesiae
1026 3634 1183 3678 concessae
1192 3639 1267 3682 con·

212 3717 430 3782 tinebantur.'’
475 3717 548 3782 Nec
572 3717 765 3804 dedignatus
790 3725 839 3780 est
859 3715 990 3780 inclitus
1004 3717 1154 3805 princeps
1170 3743 1266 3807 super

209 3821 366 3905 praedicta
381 3821 523 3885 clausula
533 3821 667 3885 reddere
681 3819 850 3884 rationem.
896 3823 918 3854 “
935 3819 1002 3897 Si,”
1017 3820 1136 3904 inquit,
1148 3826 1169 3858 “
1180 3822 1266 3886 clau·

210 3923 282 3985 sula
297 3943 371 4007 quae
395 3945 565 4008 suppressa
578 3933 627 3988 est
641 3923 761 3987 inserta
774 3922 899 3998 fuisset,
916 3931 1003 3985 carta
1017 3922 1176 4006 posterior
1196 3923 1264 3987 sine

209 4023 315 4108 priore
331 4024 493 4088 modicum
508 4023 678 4088 conferret.
725 4023 823 4088 Nunc
837 4046 912 4087 vero
926 4021 1017 4086 nulla
1035 4023 1070 4087 in
1091 4023 1262 4107 posteriori

206 4126 246 4188 de
271 4126 529 4210 praecedentibus
549 4125 760 4210 originalibus
782 4123 868 4189 facta
890 4123 1065 4201 mentione,
1089 4125 1159 4188 haec
1175 4137 1261 4190 carta
1271 4166 1316 4207 Tb,
1323 4168 1392 4213 Abho,

207 4226 274 4290 sola
288 4227 460 4304 sufficeret,
487 4228 584 4291 etiam
608 4227 635 4292 si
650 4249 760 4292 omnes
783 4227 857 4290 aliae
873 4235 970 4290 cartae
995 4227 1034 4290 de
1050 4226 1144 4290 Bello
1164 4216 1425 4324 depe-fflfoepie,

203 4329 350 4394 rissent.”
374 4328 437 4393 His
446 4353 465 4392 a
479 4351 553 4412 rege
569 4329 674 4405 dictis,
690 4329 802 4412 exegit
816 4329 944 4392 abbasa
958 4329 1146 4404 cancellario
1160 4341 1193 4394 et
1204 4333 1261 4396 ob·
1272 4317 1424 4420 ffifflffelg'

203 4431 313 4511 tinuit,
328 4443 366 4497 ut
386 4432 448 4497 sibi
470 4441 536 4496 tres
556 4441 658 4496 cartas
674 4453 770 4496 unam
787 4432 986 4518 eandemque
998 4431 1133 4498 formam
1148 4455 1261 4500 secun·
1271 4417 1340 4470 'mh‘
1351 4421 1414 4474 ⁸¹³⁸·
