3240 5154
325 529 390 591 124
630 543 800 595 fflsronls
825 543 1077 598 scrumosus

321 704 470 758 sanctum
485 693 711 758 AEdmundnm
733 707 948 760 occurrerent.
994 696 1121 761 Assrmt
1141 696 1253 782 itaque
1268 720 1379 763 secum

319 796 479 860 venientis
494 795 593 860 Alani
607 797 648 860 de
664 796 834 882 Bellafago
854 799 969 862 armati
989 799 1209 862 advocatione.
1254 799 1381 864 Conve-

319 897 430 960 niente
448 897 567 960 abbate
588 907 765 984 utrumque
787 921 886 984 super
906 900 1129 963 conventionis
1148 899 1307 965 intereos
1320 901 1379 965 ha-

318 998 399 1061 bitae
413 998 710 1083 transgressionem,
726 1021 825 1084 super
845 1000 923 1064 fidei
938 1010 973 1064 et
986 1000 1176 1064 sacramenti
1189 1003 1379 1086 praevarica·

318 1100 419 1178 tione,
430 1100 557 1164 Alanus
570 1101 716 1164 medinm
729 1124 764 1166 se
779 1124 956 1186 opponens,
972 1101 1140 1166 ecclesiam
1154 1104 1194 1166 de
1210 1103 1378 1168 Mendles·

317 1201 393 1264 ham
407 1202 554 1287 suijuris
574 1224 653 1280 esse,
672 1213 707 1265 et
720 1201 931 1286 Withgarum
946 1204 1076 1267 nomine
1092 1203 1221 1268 vicariae
1243 1228 1313 1269 eam
1335 1207 1377 1269 de

317 1324 352 1366 se
373 1312 496 1381 tenere,
517 1325 578 1367 nec
602 1303 850 1367 conventionem
869 1304 909 1367 de
932 1305 1080 1389 augenda
1098 1306 1255 1389 pensione
1281 1317 1377 1370 extra

317 1426 393 1468 eum
420 1405 541 1469 factam
569 1405 707 1491 alicujus
730 1404 887 1468 momenti
912 1427 981 1468 esse
1006 1406 1124 1470 debere
1153 1406 1373 1490 proclamavit.

318 1505 591 1570 Acclamantibus
605 1505 640 1568 in
664 1505 736 1569 haec
753 1505 928 1590 Withgaro
951 1516 986 1569 et
1014 1505 1085 1569 filio
1108 1508 1180 1591 ejus
1201 1507 1373 1587 Nicholao,

313 1608 414 1672 abbas
442 1619 621 1693 utrumque
651 1629 795 1670 seorsum
823 1629 878 1670 eos
900 1629 920 1670 a
944 1608 1028 1671 tanti
1051 1607 1179 1672 sceleris
1205 1611 1375 1674 temeraria

313 1710 568 1795 praemmptione
596 1709 723 1772 studuit
747 1731 907 1787 revocare,
921 1732 982 1773 nec
1004 1720 1114 1774 tamen
1133 1710 1287 1795 optinuit.
1333 1711 1375 1776 In

312 1835 372 1876 sua
393 1834 533 1896 namque
555 1810 735 1896 pertinacia
755 1810 968 1874 nihilominus
990 1813 1212 1896 perdurantes,
1228 1813 1373 1878 Alanum

312 1914 422 1977 omnia
436 1923 592 1998 tanquam
613 1934 657 1975 ex
677 1934 790 1976 eorum
811 1935 867 1977 ore
889 1913 1036 1976 locutum
1050 1935 1126 1977 esse
1140 1913 1248 1998 palam
1262 1914 1373 1978 clami-

312 2015 435 2080 tabant.
481 2014 694 2079 Incurrenmt
719 2013 821 2097 igitur
843 2015 939 2078 ambo
958 2014 1161 2079 infidelitatis
1180 2025 1215 2078 et
1234 2017 1372 2100 perjurii

310 2128 432 2197 notam,
447 2117 601 2201 filiusque
621 2116 724 2201 ipsius
740 2115 905 2200 Withgari
917 2115 1096 2180 Nicbolaus
1111 2117 1153 2180 ab
1168 2117 1319 2180 omnibus
1333 2129 1373 2182 ut

309 2220 457 2304 proditor
470 2219 678 2303 arguebatur,
695 2239 793 2301 quem
815 2218 982 2283 constabat
1003 2241 1101 2302 super
1122 2218 1187 2282 fide
1209 2218 1294 2282 circa
1314 2220 1372 2282 ab·

308 2321 419 2384 batem
436 2320 491 2383 cui
512 2322 581 2405 jam
606 2319 642 2382 in
662 2318 781 2402 faciem
801 2319 974 2382 resistebat
998 2319 1123 2403 integre
1141 2321 1368 2399 conservanda,

308 2443 413 2506 nuper
435 2430 669 2485 sacramentum
690 2419 892 2505 praestitisse.
939 2419 1034 2484 Licet
1055 2421 1140 2485 tanti
1155 2421 1297 2486 criminis
1311 2446 1370 2487 no·

309 2532 375 2586 tam
396 2524 608 2600 incrurentes,
624 2522 769 2586 infamiae
790 2521 1019 2607 multipliciter
1041 2524 1208 2608 subjacere
1222 2524 1370 2590 videren-

309 2633 374 2702 tur,
396 2623 583 2689 nullatenus
607 2634 716 2688 tamen
739 2647 759 2688 a
778 2624 980 2708 malignitate
1005 2634 1163 2709 concepta
1180 2625 1368 2710 resipiscere

310 2725 495 2805 voluerunt,
519 2725 629 2790 Alano
650 2726 686 2789 in
707 2748 821 2790 eorum
844 2725 1033 2789 defensione
1062 2726 1273 2810 pertinaciter
1295 2751 1370 2813 per-

311 2827 457 2894 sistente.
502 2827 645 2892 Dicebat
666 2826 753 2891 enim
767 2826 960 2910 Withgarus
980 2825 1124 2891 Alanum¹
1146 2828 1254 2893 omnia
1275 2831 1369 2914 quasi

313 2951 372 2992 suo
387 2952 441 2994 ore
456 2928 612 3014 proferre,
626 2927 806 2994 Nicbolaus
819 2950 895 2991 vero
913 2950 947 2992 se
962 2928 1149 2992 nullatenus
1163 2952 1182 2994 a
1195 2932 1297 3015 patris
1314 2932 1367 2995 sui

314 3030 494 3095 affirmabat
509 3029 645 3095 consilio
659 3031 820 3094 recedere.

358 3130 483 3197 Videris
507 3132 606 3196 abbas
631 3153 686 3196 eos
708 3131 743 3196 in
762 3131 948 3196 rebellionis
970 3143 1070 3198 tantae
1095 3135 1271 3200 obstinacia
1292 3158 1367 3220 per-

250 3270 256 3285 ·
313 3233 440 3311 durare,
463 3233 571 3299 noluit
593 3233 734 3298 cumeis
754 3233 790 3296 in
809 3233 893 3297 nihil
907 3234 988 3298 utile
1003 3237 1209 3314 contendere,
1225 3259 1365 3300 commo·

311 3336 389 3400 dum
413 3336 563 3422 judicans
592 3347 722 3422 tempus
752 3335 967 3421 opportunius
996 3348 1178 3421 expectare.
1223 3337 1367 3402 Domino

309 3437 422 3523 itaque
447 3461 523 3523 rege
553 3437 590 3502 in
614 3437 834 3502 transmarinis
859 3447 938 3500 tunc
962 3439 1118 3522 temporis
1139 3451 1265 3522 agente,
1289 3463 1365 3503 cum

308 3561 384 3603 eum
403 3539 502 3602 abbas
519 3538 553 3602 in
568 3538 700 3623 propria
713 3559 850 3622 persona
864 3560 929 3601 non
941 3549 1051 3623 posset
1064 3539 1165 3618 adire,
1180 3541 1305 3625 aliquos
1320 3565 1365 3606 ex

307 3639 374 3704 suis
388 3660 462 3703 cum
480 3638 663 3702 litterarum
683 3659 814 3702 suarum
828 3638 1014 3702 testimonio
1029 3640 1161 3704 adeum
1176 3643 1363 3721 transmisit,

308 3740 365 3825 qui
387 3739 418 3803 ei
441 3738 514 3804 viva
533 3760 609 3802 voce
631 3739 680 3803 rei
701 3749 801 3823 gestae
822 3739 968 3803 ordinem
990 3742 1180 3826 panderent,
1202 3767 1362 3828 suumque

306 3864 403 3928 super
423 3841 484 3905 hoc
508 3839 679 3905 consilium
701 3851 735 3904 et
756 3839 917 3904 auxilium
942 3854 1138 3926 quaererent.
1184 3845 1363 3929 Occupavit

305 3944 440 4023 interea,
452 3942 626 4027 Withgaro
642 3942 807 4021 defuncto,
818 3941 944 4007 Alanus
956 3945 996 4007 de
1011 3944 1181 4030 Bellafago
1197 3947 1362 4010 ecclesiam

305 4045 345 4110 de
357 4045 583 4110 Mendleshem
597 4054 752 4130 tanquam
766 4054 944 4123 vacantem,
955 4067 1090 4128 eamque
1105 4047 1222 4111 abbate
1238 4058 1272 4110 et
1286 4071 1361 4112 con-

303 4157 403 4210 ventu
425 4147 465 4210 de
488 4145 582 4210 Bello
610 4145 800 4210 inconsultis
823 4145 871 4208 ibi
892 4146 1019 4230 redegit
1049 4147 1084 4209 in
1114 4149 1360 4232 possessionem,

304 4245 463 4312 Nicholao
484 4249 615 4333 perjuro
639 4247 803 4331 Withgari
823 4246 891 4310 filio
906 4247 1037 4332 penitus
1059 4247 1236 4314 eliminato.
1284 4252 1361 4319 Quo

302 4347 432 4432 cognito
455 4349 553 4412 abbas
576 4349 707 4414 domino
732 4348 932 4413 Norwicensi
957 4349 1110 4434 episcopo
1130 4353 1298 4416 ecclesiam
1320 4355 1360 4418 de
