3240 5154
516 587 738 638 nounsrnnn
760 587 810 637 nn
834 587 960 638 annno.
1211 573 1273 636 143

215 761 357 816 suarum,
372 737 606 821 fructuumque
621 737 723 800 exeis
737 735 998 821 provenientium
1018 743 1180 819 potestate
1195 757 1275 797 mox

216 841 383 925 spoliatus.
430 839 523 905 Quot
545 839 749 923 passionibus
774 861 833 901 sex
861 837 954 900 exilii
979 837 1029 901 sui
1054 837 1145 900 annis
1166 837 1275 920 subja-

217 943 331 1019 cuerit,
355 965 414 1027 per
436 941 599 1004 neminem
623 951 744 1026 praeter
768 941 874 1024 ipsum
890 939 999 1024 potuit
1021 939 1172 1023 exprimi,
1198 939 1276 1022 quia

217 1067 313 1107 nemo
341 1053 459 1129 praeter
486 1043 594 1129 ipsum
622 1043 737 1107 habuit
775 1042 927 1127 experiri.
987 1041 1079 1106 Inter
1107 1042 1275 1106 innumera

218 1146 341 1230 flagitia
359 1145 420 1210 sibi
441 1146 615 1210 enormiter
637 1145 737 1224 illata,
753 1143 814 1208 hoc
835 1145 964 1208 videtur
978 1143 1274 1228 flagitiosissimum,

220 1249 307 1331 quod
338 1271 411 1311 cum
437 1247 506 1332 ipse
533 1247 568 1310 in
591 1269 728 1331 persona
749 1246 881 1331 propria
904 1247 1030 1310 deesset
1049 1247 1089 1309 ad
1108 1245 1271 1331 injuriam,

218 1350 339 1412 exarsit
355 1349 535 1433 indignatio
560 1348 595 1411 in
618 1349 798 1412 universam
821 1349 893 1433 ejus
913 1347 1158 1432 cognationem.¹
1204 1347 1273 1411 Ad·
1286 1367 1388 1428 senuna
1401 1368 1437 1408 sne

217 1450 294 1514 dicti
324 1461 400 1514 sunt
429 1451 591 1536 siquidem
630 1450 868 1535 praescriptioni
910 1459 1075 1534 quotquot
1102 1449 1272 1513 videbatur
1284 1417 1414 1508 illim

216 1551 334 1616 habere
348 1553 549 1638 propinquos
565 1562 599 1616 et
613 1553 789 1630 benivolos,
805 1574 879 1615 cum
894 1552 992 1614 exule
1012 1551 1136 1630 exules,
1150 1562 1183 1614 et
1199 1571 1273 1636 quae
1285 1519 1371 1560 Bm

217 1657 325 1719 deesse
339 1655 532 1718 videbantur
555 1653 740 1739 passionum
764 1655 835 1740 ejus
858 1653 1062 1738 passionibus
1081 1653 1148 1717 suis
1173 1653 1275 1718 adim-

218 1757 355 1841 plentes.
400 1756 482 1820 Erat
501 1757 574 1820 visu
597 1756 734 1820 nimium
759 1755 954 1833 miserabile,
978 1756 1055 1819 dum
1081 1779 1146 1819 non
1172 1757 1273 1834 aetati,

218 1867 286 1924 non
308 1859 413 1937 sexui,
439 1882 505 1923 non
521 1859 697 1923 conditioni
711 1859 858 1943 pepercit
872 1868 962 1921 tanta
984 1858 1167 1935 crudelitas,
1189 1881 1275 1922 com-

220 1962 321 2045 pulsis
348 1961 457 2044 egredi
480 1960 714 2045 pregnantibus
739 1983 814 2023 cum
836 1960 979 2044 parvulis
1001 1960 1219 2044 pendentibus
1234 1961 1274 2024 ad

221 2065 331 2140 ubera,
352 2063 528 2148 juvenibus
551 2063 649 2124 etiam
672 2084 745 2124 cum
764 2062 924 2124 veteranis
946 2061 1063 2125 baculo
1086 2061 1274 2144 regentibus

220 2163 364 2225 membra
372 2161 501 2225 debilia.
535 2160 642 2224 Exilii
651 2183 734 2223 anno
744 2161 881 2245 septimo
889 2184 902 2246 J
907 2184 957 2224 am
967 2161 1117 2225 inchoato
1128 2162 1214 2225 visus
1226 2173 1275 2226 est

221 2285 296 2326 eum
304 2285 365 2326 rex
373 2263 531 2347 recepisse
541 2262 576 2325 in
585 2263 731 2346 gratiam,
739 2263 975 2347 reformataque
985 2263 1188 2348 specietenus
1196 2287 1274 2349 pace

221 2363 412 2448 permisisse,
440 2364 593 2446 quatinus
619 2364 757 2427 exilium
779 2363 884 2448 patria
909 2375 1118 2445 commutans,
1142 2368 1274 2451 pacifice

220 2476 379 2530 remearet
404 2465 439 2528 in
465 2465 629 2550 Angliam.
686 2465 881 2552 Repatrians
906 2466 1017 2550 itaque
1041 2469 1275 2553 patriarchatus

222 2567 273 2630 sui
288 2569 369 2630 adiit
384 2567 562 2643 ecclesiam,
583 2568 741 2652 promissa
759 2590 838 2651 pace
853 2567 919 2630 frui
935 2568 1078 2653 cupiens,
1093 2594 1153 2634 nec
1167 2581 1277 2636 tamen

222 2670 410 2753 promissam
430 2668 606 2732 inveniens.
652 2667 723 2732 Vix
752 2669 838 2731 enim
858 2691 916 2753 per
938 2691 1079 2734 mensem
1093 2671 1128 2734 in
1143 2672 1277 2736 ecclesia

223 2793 281 2833 sua
302 2771 474 2846 resederat,
491 2778 524 2832 et
539 2792 612 2832 ecce
627 2769 868 2854 insurgentibus
891 2769 927 2834 in
942 2793 1016 2834 eum
1031 2771 1105 2834 iiii0r
1118 2773 1276 2838 militibus

224 2895 243 2934 a
258 2873 346 2936 curia
368 2871 457 2956 regia
471 2871 686 2948 venientibus,
703 2894 770 2935 non
793 2871 865 2935 dico
884 2872 999 2951 missis,
1015 2871 1050 2937 in
1071 2875 1204 2938 ecclesia
1217 2899 1277 2960 pro

223 2974 356 3038 ecclesia
369 2974 551 3058 perimitur,
567 2984 676 3058 pastor
690 2973 845 3052 ecclesiae,
861 2997 881 3038 a
893 2977 1088 3058 regeneratis
1103 2976 1137 3040 in
1149 2977 1278 3041 Christo

224 3087 257 3140 et
271 3075 415 3152 ecclesia,
440 3077 508 3160 jam
523 3085 631 3138 tamen
646 3085 737 3139 tanto
753 3077 921 3140 commisso
935 3077 1059 3162 flagitio
1074 3078 1221 3144 alienatis
1236 3081 1276 3142 ab

225 3177 369 3241 ecclesia.
415 3177 531 3240 Terras
546 3176 681 3240 celerius
696 3178 866 3261 percurrit,
892 3179 993 3241 maria
1007 3181 1180 3263 pertransit
1193 3181 1279 3246 fama

224 3290 290 3342 tam
312 3276 451 3342 enormis
475 3277 612 3354 sceleris
638 3288 673 3340 et
687 3277 824 3340 clamore
840 3279 879 3341 de
894 3280 988 3342 terris
1002 3281 1043 3342 ad
1057 3281 1156 3344 coelos
1171 3303 1280 3345 ascen-

225 3381 334 3459 dente,
358 3402 437 3443 mox
456 3379 637 3442 ostenditur
656 3380 696 3442 de
719 3388 823 3443 morte
838 3379 985 3464 praesulis
1001 3381 1090 3465 quod
1103 3381 1146 3445 sit
1160 3393 1280 3467 marty-

223 3482 320 3561 rium,
345 3482 469 3566 ubique
485 3491 642 3545 terrarum
667 3481 877 3544 choruscante
902 3481 1088 3565 frequentia
1111 3485 1281 3550 miraculo-

226 3607 308 3649 rum.
339 3583 523 3649 Videbatur
533 3583 658 3646 interea
669 3594 790 3667 martyr
802 3583 947 3662 Domini,
959 3585 1058 3652 immo
1068 3610 1127 3671 pro
1139 3597 1280 3672 martyre

226 3709 284 3753 suo
311 3686 473 3751 Dominus
498 3686 628 3750 innoxii
657 3685 821 3770 sanguinis
847 3687 1004 3752 ultionem
1029 3711 1185 3772 quaerere,
1207 3713 1280 3754 curn

226 3812 285 3852 rex
308 3791 391 3873 regis
411 3790 499 3854 filius
522 3789 556 3853 in
584 3812 694 3872 regem
715 3799 840 3874 patrem
867 3813 962 3854 suum
987 3789 1167 3876 insurgens,
1193 3817 1279 3872 eum,

228 3891 474 3976 quampluribus
516 3914 687 3975 procerum
721 3892 812 3976 regni
849 3891 1134 3970 consentientibus,
1170 3894 1280 3981 multis

228 3992 326 4055 etiam
356 4015 451 4076 opem
474 3994 715 4078 praestantibus,
740 4017 842 4077 regno
865 4004 999 4058 conatus
1030 4007 1079 4058 est
1104 3996 1279 4081 expellere.

229 4092 311 4156 Erat
333 4093 433 4176 igitur
455 4103 547 4176 pater
569 4095 657 4156 omni
680 4094 857 4158 destitutus
882 4097 1016 4160 consilio
1040 4107 1139 4180 atque
1154 4097 1279 4178 solatio,

265 4265 272 4296 ¹
293 4264 324 4317 In
348 4263 392 4316 the
417 4263 552 4316 collection
577 4263 606 4314 of
631 4263 729 4333 Lupus,
783 4266 953 4334 monstrating
970 4284 1002 4318 on
1015 4266 1067 4320 this
1085 4277 1126 4320 act
1139 4269 1168 4321 of
1183 4271 1282 4342 oruelty

229 4333 301 4387 there
313 4335 335 4386 is
348 4333 447 4386 aletter
456 4332 602 4398 addressed,
614 4332 650 4400 by
658 4351 729 4386 some
782 4335 833 4388 and
845 4336 974 4404 injustice.

230 4404 356 4458 nameless
367 4403 466 4472 author,
479 4412 506 4456 to
525 4402 617 4472 Henry
630 4401 677 4471 11,
690 4421 728 4456 re-
