<?xml version="1.0" encoding="UTF-8"?>
<!DOCTYPE html PUBLIC "-//W3C//DTD XHTML 1.0 Transitional//EN"
    "http://www.w3.org/TR/xhtml1/DTD/xhtml1-transitional.dtd">
<html xmlns="http://www.w3.org/1999/xhtml" xml:lang="en" lang="en">
 <head>
  <title>
</title>
<meta http-equiv="Content-Type" content="text/html;charset=utf-8" />
  <meta name='ocr-system' content='tesseract 3.04.00' />
  <meta name='ocr-capabilities' content='ocr_page ocr_carea ocr_par ocr_line ocrx_word'/>
</head>
<body>
  <div class='ocr_page' id='page_1' title='image "./chroniconmonast01abbegoog_0200.png"; bbox 0 0 3240 5154; ppageno 0'>
   <div class='ocr_carea' id='block_1_1' title="bbox 359 569 1104 634">
    <p class='ocr_par' dir='ltr' id='par_1_1' title="bbox 359 569 1104 634">
     <span class='ocr_line' id='line_1_1' title="bbox 359 569 1104 634; baseline 0 -2"><span class='ocrx_word' id='word_1_1' title='bbox 359 569 422 632; x_wconf 86' lang='lat'><strong>156</strong></span> <span class='ocrx_word' id='word_1_2' title='bbox 658 582 829 634; x_wconf 74' lang='lat' dir='ltr'><strong>fflsroars</strong></span> <span class='ocrx_word' id='word_1_3' title='bbox 854 581 1104 633; x_wconf 75' lang='lat' dir='ltr'><strong>ruunsnonrs</strong></span> 
     </span>
    </p>
   </div>
   <div class='ocr_carea' id='block_1_2' title="bbox 248 724 1417 1219">
    <p class='ocr_par' dir='ltr' id='par_1_2' title="bbox 248 724 1417 1219">
     <span class='ocr_line' id='line_1_2' title="bbox 357 724 1414 811; baseline -0.004 -21"><span class='ocrx_word' id='word_1_4' title='bbox 357 727 489 811; x_wconf 90' lang='lat' dir='ltr'><strong>quidem</strong></span> <span class='ocrx_word' id='word_1_5' title='bbox 512 727 601 810; x_wconf 91' lang='lat' dir='ltr'><strong>quod</strong></span> <span class='ocrx_word' id='word_1_6' title='bbox 618 726 772 790; x_wconf 90' lang='lat' dir='ltr'><strong>electioni</strong></span> <span class='ocrx_word' id='word_1_7' title='bbox 795 725 999 810; x_wconf 81' lang='lat' dir='ltr'><strong>adquieverit</strong></span> <span class='ocrx_word' id='word_1_8' title='bbox 1021 725 1153 810; x_wconf 92' lang='lat' dir='ltr'><strong>publice</strong></span> <span class='ocrx_word' id='word_1_9' title='bbox 1177 724 1414 809; x_wconf 84' lang='lat' dir='ltr'><strong>pronuntiavit,</strong></span> 
     </span>
     <span class='ocr_line' id='line_1_3' title="bbox 356 827 1415 904; baseline -0.004 -12"><span class='ocrx_word' id='word_1_10' title='bbox 356 829 413 892; x_wconf 89' lang='lat' dir='ltr'><strong>sed</strong></span> <span class='ocrx_word' id='word_1_11' title='bbox 441 838 568 892; x_wconf 88' lang='lat' dir='ltr'><strong>tantum</strong></span> <span class='ocrx_word' id='word_1_12' title='bbox 595 851 615 891; x_wconf 91' lang='lat' dir='ltr'><strong>a</strong></span> <span class='ocrx_word' id='word_1_13' title='bbox 644 827 739 891; x_wconf 90' lang='lat' dir='ltr'><strong>solita</strong></span> <span class='ocrx_word' id='word_1_14' title='bbox 767 849 893 891; x_wconf 87' lang='lat' dir='ltr'><strong>cessans</strong></span> <span class='ocrx_word' id='word_1_15' title='bbox 921 827 1186 904; x_wconf 81' lang='lat' dir='ltr'><strong>contradictione,</strong></span> <span class='ocrx_word' id='word_1_16' title='bbox 1216 828 1352 890; x_wconf 89' lang='lat' dir='ltr'><strong>tacendo</strong></span> <span class='ocrx_word' id='word_1_17' title='bbox 1379 849 1415 888; x_wconf 91' lang='lat' dir='ltr'><strong>se</strong></span> 
     </span>
     <span class='ocr_line' id='line_1_4' title="bbox 356 927 1417 1012; baseline -0.003 -19"><span class='ocrx_word' id='word_1_18' title='bbox 356 953 469 994; x_wconf 84' lang='lat' dir='ltr'><strong>comm</strong></span> <span class='ocrx_word' id='word_1_19' title='bbox 490 930 649 994; x_wconf 85' lang='lat' dir='ltr'><strong>voluntati</strong></span> <span class='ocrx_word' id='word_1_20' title='bbox 669 941 703 994; x_wconf 91' lang='lat' dir='ltr'><strong>et</strong></span> <span class='ocrx_word' id='word_1_21' title='bbox 722 929 857 993; x_wconf 89' lang='lat' dir='ltr'><strong>arbitrio</strong></span> <span class='ocrx_word' id='word_1_22' title='bbox 871 928 1006 992; x_wconf 82' lang='lat' dir='ltr'><strong>dimisit.</strong></span> <span class='ocrx_word' id='word_1_23' title='bbox 1050 927 1135 991; x_wconf 87' lang='lat' dir='ltr'><strong>Mox</strong></span> <span class='ocrx_word' id='word_1_24' title='bbox 1154 928 1417 1012; x_wconf 79' lang='lat' dir='ltr'><strong>archiepiscopus</strong></span> 
     </span>
     <span class='ocr_line' id='line_1_5' title="bbox 355 1029 1411 1115; baseline -0.006 -17"><span class='ocrx_word' id='word_1_25' title='bbox 355 1031 494 1098; x_wconf 89' lang='lat' dir='ltr'><strong>altisona</strong></span> <span class='ocrx_word' id='word_1_26' title='bbox 529 1031 749 1096; x_wconf 78' lang='lat' dir='ltr'><strong>modulatione</strong></span> <span class='ocrx_word' id='word_1_27' title='bbox 777 1053 913 1115; x_wconf 85' lang='lat' dir='ltr'><strong>ymnum</strong></span> <span class='ocrx_word' id='word_1_28' title='bbox 961 1029 1043 1093; x_wconf 88' lang='lat' dir='ltr'><strong>“Te</strong></span> <span class='ocrx_word' id='word_1_29' title='bbox 1074 1029 1184 1094; x_wconf 88' lang='lat' dir='ltr'><strong>Deum</strong></span> <span class='ocrx_word' id='word_1_30' title='bbox 1209 1030 1411 1094; x_wconf 88' lang='lat' dir='ltr'><strong>laudamus”¹</strong></span> 
     </span>
     <span class='ocr_line' id='line_1_6' title="bbox 248 1130 1416 1219; baseline -0.003 -22"><span class='ocrx_word' id='word_1_31' title='bbox 248 1158 254 1171; x_wconf 91' lang='lat'><strong>·</strong></span> <span class='ocrx_word' id='word_1_32' title='bbox 355 1134 526 1219; x_wconf 87' lang='lat' dir='ltr'><strong>incipiens,</strong></span> <span class='ocrx_word' id='word_1_33' title='bbox 542 1134 632 1218; x_wconf 92' lang='lat' dir='ltr'><strong>quod</strong></span> <span class='ocrx_word' id='word_1_34' title='bbox 654 1134 688 1196; x_wconf 93' lang='lat' dir='ltr'><strong>in</strong></span> <span class='ocrx_word' id='word_1_35' title='bbox 713 1133 870 1196; x_wconf 90' lang='lat' dir='ltr'><strong>abbatum</strong></span> <span class='ocrx_word' id='word_1_36' title='bbox 894 1130 1055 1195; x_wconf 84' lang='lat' dir='ltr'><strong>electione</strong></span> <span class='ocrx_word' id='word_1_37' title='bbox 1084 1131 1191 1195; x_wconf 90' lang='lat' dir='ltr'><strong>minus</strong></span> <span class='ocrx_word' id='word_1_38' title='bbox 1219 1132 1290 1194; x_wconf 88' lang='lat' dir='ltr'><strong>fieri</strong></span> <span class='ocrx_word' id='word_1_39' title='bbox 1319 1133 1416 1209; x_wconf 89' lang='lat' dir='ltr'><strong>solet,</strong></span> 
     </span>
    </p>
   </div>
   <div class='ocr_carea' id='block_1_3' title="bbox 347 1233 1412 4177">
    <p class='ocr_par' dir='ltr' id='par_1_3' title="bbox 353 1233 1412 1625">
     <span class='ocr_line' id='line_1_7' title="bbox 355 1233 1412 1320; baseline -0.002 -20"><span class='ocrx_word' id='word_1_40' title='bbox 355 1237 486 1301; x_wconf 87' lang='lat' dir='ltr'><strong>demum</strong></span> <span class='ocrx_word' id='word_1_41' title='bbox 508 1237 584 1300; x_wconf 89' lang='lat' dir='ltr'><strong>data</strong></span> <span class='ocrx_word' id='word_1_42' title='bbox 607 1235 752 1299; x_wconf 89' lang='lat' dir='ltr'><strong>oratione</strong></span> <span class='ocrx_word' id='word_1_43' title='bbox 770 1234 877 1311; x_wconf 91' lang='lat' dir='ltr'><strong>solita,</strong></span> <span class='ocrx_word' id='word_1_44' title='bbox 891 1235 964 1320; x_wconf 88' lang='lat' dir='ltr'><strong>ejus</strong></span> <span class='ocrx_word' id='word_1_45' title='bbox 988 1233 1181 1298; x_wconf 86' lang='lat' dir='ltr'><strong>electionem</strong></span> <span class='ocrx_word' id='word_1_46' title='bbox 1200 1234 1412 1298; x_wconf 84' lang='lat' dir='ltr'><strong>confirmavit.</strong></span> 
     </span>
     <span class='ocr_line' id='line_1_8' title="bbox 355 1333 1411 1421; baseline -0.004 -19"><span class='ocrx_word' id='word_1_47' title='bbox 355 1338 490 1402; x_wconf 80' lang='lat' dir='ltr'><strong>Electus</strong></span> <span class='ocrx_word' id='word_1_48' title='bbox 512 1348 562 1402; x_wconf 90' lang='lat' dir='ltr'><strong>est</strong></span> <span class='ocrx_word' id='word_1_49' title='bbox 584 1337 695 1421; x_wconf 86' lang='lat' dir='ltr'><strong>itaque</strong></span> <span class='ocrx_word' id='word_1_50' title='bbox 721 1336 782 1404; x_wconf 91' lang='lat' dir='ltr'><strong>hoc</strong></span> <span class='ocrx_word' id='word_1_51' title='bbox 804 1336 901 1400; x_wconf 92' lang='lat' dir='ltr'><strong>modo</strong></span> <span class='ocrx_word' id='word_1_52' title='bbox 928 1336 974 1399; x_wconf 79' lang='lat' dir='ltr'><strong>vi⁰</strong></span> <span class='ocrx_word' id='word_1_53' title='bbox 1002 1335 1076 1399; x_wconf 91' lang='lat' dir='ltr'><strong>idus</strong></span> <span class='ocrx_word' id='word_1_54' title='bbox 1104 1333 1197 1413; x_wconf 88' lang='lat' dir='ltr'><strong>Julii,</strong></span> <span class='ocrx_word' id='word_1_55' title='bbox 1226 1335 1411 1399; x_wconf 86' lang='lat' dir='ltr'><strong>dolentibus</strong></span> 
     </span>
     <span class='ocr_line' id='line_1_9' title="bbox 354 1437 1412 1522; baseline -0.006 -16"><span class='ocrx_word' id='word_1_56' title='bbox 354 1451 389 1506; x_wconf 89' lang='lat' dir='ltr'><strong>et</strong></span> <span class='ocrx_word' id='word_1_57' title='bbox 404 1439 558 1508; x_wconf 89' lang='lat' dir='ltr'><strong>flentibus</strong></span> <span class='ocrx_word' id='word_1_58' title='bbox 573 1447 640 1502; x_wconf 87' lang='lat' dir='ltr'><strong>tam</strong></span> <span class='ocrx_word' id='word_1_59' title='bbox 653 1437 818 1502; x_wconf 87' lang='lat' dir='ltr'><strong>monachis</strong></span> <span class='ocrx_word' id='word_1_60' title='bbox 833 1460 930 1522; x_wconf 91' lang='lat' dir='ltr'><strong>quam</strong></span> <span class='ocrx_word' id='word_1_61' title='bbox 941 1437 1068 1501; x_wconf 83' lang='lat' dir='ltr'><strong>caeteris</strong></span> <span class='ocrx_word' id='word_1_62' title='bbox 1083 1437 1233 1502; x_wconf 90' lang='lat' dir='ltr'><strong>omnibus</strong></span> <span class='ocrx_word' id='word_1_63' title='bbox 1248 1447 1412 1522; x_wconf 85' lang='lat' dir='ltr'><strong>quotquot</strong></span> 
     </span>
     <span class='ocr_line' id='line_1_10' title="bbox 353 1539 1161 1625; baseline -0.007 -17"><span class='ocrx_word' id='word_1_64' title='bbox 353 1543 431 1608; x_wconf 92' lang='lat' dir='ltr'><strong>illuc</strong></span> <span class='ocrx_word' id='word_1_65' title='bbox 445 1565 465 1608; x_wconf 91' lang='lat' dir='ltr'><strong>a</strong></span> <span class='ocrx_word' id='word_1_66' title='bbox 480 1540 655 1606; x_wconf 87' lang='lat' dir='ltr'><strong>Cantuaria</strong></span> <span class='ocrx_word' id='word_1_67' title='bbox 668 1540 849 1625; x_wconf 89' lang='lat' dir='ltr'><strong>contigerat</strong></span> <span class='ocrx_word' id='word_1_68' title='bbox 863 1562 972 1603; x_wconf 89' lang='lat' dir='ltr'><strong>secum</strong></span> <span class='ocrx_word' id='word_1_69' title='bbox 985 1539 1161 1603; x_wconf 87' lang='lat' dir='ltr'><strong>advenisse.</strong></span> 
     </span>
    </p>

    <p class='ocr_par' dir='ltr' id='par_1_4' title="bbox 347 1641 1412 4177">
     <span class='ocr_line' id='line_1_11' title="bbox 398 1641 1412 1729; baseline -0.003 -20"><span class='ocrx_word' id='word_1_70' title='bbox 398 1646 519 1710; x_wconf 89' lang='lat' dir='ltr'><strong>Utrum</strong></span> <span class='ocrx_word' id='word_1_71' title='bbox 533 1667 579 1708; x_wconf 83' lang='lat' dir='ltr'><strong>ex</strong></span> <span class='ocrx_word' id='word_1_72' title='bbox 593 1643 702 1708; x_wconf 90' lang='lat' dir='ltr'><strong>divina</strong></span> <span class='ocrx_word' id='word_1_73' title='bbox 716 1642 901 1729; x_wconf 89' lang='lat' dir='ltr'><strong>prudentia,</strong></span> <span class='ocrx_word' id='word_1_74' title='bbox 924 1665 966 1706; x_wconf 87' lang='lat' dir='ltr'><strong>an</strong></span> <span class='ocrx_word' id='word_1_75' title='bbox 984 1664 1028 1704; x_wconf 85' lang='lat' dir='ltr'><strong>ex</strong></span> <span class='ocrx_word' id='word_1_76' title='bbox 1047 1641 1181 1705; x_wconf 88' lang='lat' dir='ltr'><strong>humani</strong></span> <span class='ocrx_word' id='word_1_77' title='bbox 1195 1642 1322 1706; x_wconf 92' lang='lat' dir='ltr'><strong>consilii</strong></span> <span class='ocrx_word' id='word_1_78' title='bbox 1335 1665 1412 1726; x_wconf 54' lang='lat' dir='ltr'><strong>pros</strong></span> 
     </span>
     <span class='ocr_line' id='line_1_12' title="bbox 353 1743 1412 1831; baseline -0.004 -19"><span class='ocrx_word' id='word_1_79' title='bbox 353 1747 484 1812; x_wconf 88' lang='lat' dir='ltr'><strong>cesserit</strong></span> <span class='ocrx_word' id='word_1_80' title='bbox 494 1745 678 1831; x_wconf 88' lang='lat' dir='ltr'><strong>prudentia,</strong></span> <span class='ocrx_word' id='word_1_81' title='bbox 691 1746 780 1829; x_wconf 93' lang='lat' dir='ltr'><strong>quod</strong></span> <span class='ocrx_word' id='word_1_82' title='bbox 790 1745 868 1808; x_wconf 89' lang='lat' dir='ltr'><strong>illuc</strong></span> <span class='ocrx_word' id='word_1_83' title='bbox 880 1744 923 1807; x_wconf 89' lang='lat' dir='ltr'><strong>sit</strong></span> <span class='ocrx_word' id='word_1_84' title='bbox 937 1743 1105 1829; x_wconf 90' lang='lat' dir='ltr'><strong>eligendus</strong></span> <span class='ocrx_word' id='word_1_85' title='bbox 1119 1745 1296 1822; x_wconf 87' lang='lat' dir='ltr'><strong>advenerit,</strong></span> <span class='ocrx_word' id='word_1_86' title='bbox 1307 1745 1412 1808; x_wconf 90' lang='lat' dir='ltr'><strong>incer-</strong></span> 
     </span>
     <span class='ocr_line' id='line_1_13' title="bbox 353 1847 1410 1930; baseline -0.004 -16"><span class='ocrx_word' id='word_1_87' title='bbox 353 1861 425 1914; x_wconf 91' lang='lat' dir='ltr'><strong>tum</strong></span> <span class='ocrx_word' id='word_1_88' title='bbox 440 1848 607 1925; x_wconf 91' lang='lat' dir='ltr'><strong>habemus,</strong></span> <span class='ocrx_word' id='word_1_89' title='bbox 623 1869 697 1911; x_wconf 89' lang='lat' dir='ltr'><strong>cum</strong></span> <span class='ocrx_word' id='word_1_90' title='bbox 712 1857 819 1911; x_wconf 84' lang='lat' dir='ltr'><strong>tamen</strong></span> <span class='ocrx_word' id='word_1_91' title='bbox 834 1869 900 1910; x_wconf 91' lang='lat' dir='ltr'><strong>non</strong></span> <span class='ocrx_word' id='word_1_92' title='bbox 914 1847 1091 1930; x_wconf 85' lang='lat' dir='ltr'><strong>incongrue</strong></span> <span class='ocrx_word' id='word_1_93' title='bbox 1106 1869 1164 1910; x_wconf 88' lang='lat' dir='ltr'><strong>seu</strong></span> <span class='ocrx_word' id='word_1_94' title='bbox 1185 1869 1228 1910; x_wconf 81' lang='lat' dir='ltr'><strong>ex</strong></span> <span class='ocrx_word' id='word_1_95' title='bbox 1243 1847 1329 1924; x_wconf 91' lang='lat' dir='ltr'><strong>Deo,</strong></span> <span class='ocrx_word' id='word_1_96' title='bbox 1352 1870 1410 1910; x_wconf 91' lang='lat' dir='ltr'><strong>seu</strong></span> 
     </span>
     <span class='ocr_line' id='line_1_14' title="bbox 353 1948 1410 2033; baseline -0.003 -19"><span class='ocrx_word' id='word_1_97' title='bbox 353 1973 397 2016; x_wconf 86' lang='lat' dir='ltr'><strong>ex</strong></span> <span class='ocrx_word' id='word_1_98' title='bbox 410 1948 596 2014; x_wconf 88' lang='lat' dir='ltr'><strong>hominibus</strong></span> <span class='ocrx_word' id='word_1_99' title='bbox 608 1948 710 2012; x_wconf 85' lang='lat' dir='ltr'><strong>fuerit</strong></span> <span class='ocrx_word' id='word_1_100' title='bbox 723 1957 932 2033; x_wconf 90' lang='lat' dir='ltr'><strong>procuratum</strong></span> <span class='ocrx_word' id='word_1_101' title='bbox 943 1971 1013 2012; x_wconf 87' lang='lat' dir='ltr'><strong>esse</strong></span> <span class='ocrx_word' id='word_1_102' title='bbox 1027 1948 1204 2026; x_wconf 84' lang='lat' dir='ltr'><strong>videamus,</strong></span> <span class='ocrx_word' id='word_1_103' title='bbox 1219 1960 1258 2012; x_wconf 94' lang='lat' dir='ltr'><strong>ut</strong></span> <span class='ocrx_word' id='word_1_104' title='bbox 1272 1949 1330 2032; x_wconf 95' lang='lat' dir='ltr'><strong>qui</strong></span> <span class='ocrx_word' id='word_1_105' title='bbox 1345 1949 1410 2012; x_wconf 86' lang='lat' dir='ltr'><strong>for-</strong></span> 
     </span>
     <span class='ocr_line' id='line_1_15' title="bbox 353 2050 1410 2118; baseline -0.005 0"><span class='ocrx_word' id='word_1_106' title='bbox 353 2075 438 2118; x_wconf 88' lang='lat' dir='ltr'><strong>mam</strong></span> <span class='ocrx_word' id='word_1_107' title='bbox 469 2061 629 2116; x_wconf 88' lang='lat' dir='ltr'><strong>cartarum</strong></span> <span class='ocrx_word' id='word_1_108' title='bbox 658 2050 844 2115; x_wconf 86' lang='lat' dir='ltr'><strong>monasterii</strong></span> <span class='ocrx_word' id='word_1_109' title='bbox 872 2050 973 2114; x_wconf 90' lang='lat' dir='ltr'><strong>sancti</strong></span> <span class='ocrx_word' id='word_1_110' title='bbox 1012 2050 1150 2114; x_wconf 89' lang='lat' dir='ltr'><strong>Martini</strong></span> <span class='ocrx_word' id='word_1_111' title='bbox 1179 2050 1219 2113; x_wconf 91' lang='lat' dir='ltr'><strong>de</strong></span> <span class='ocrx_word' id='word_1_112' title='bbox 1251 2050 1346 2114; x_wconf 89' lang='lat' dir='ltr'><strong>Bello</strong></span> <span class='ocrx_word' id='word_1_113' title='bbox 1375 2074 1410 2113; x_wconf 89' lang='lat' dir='ltr'><strong>se</strong></span> 
     </span>
     <span class='ocr_line' id='line_1_16' title="bbox 352 2153 1410 2238; baseline -0.003 -19"><span class='ocrx_word' id='word_1_114' title='bbox 352 2163 560 2238; x_wconf 87' lang='lat' dir='ltr'><strong>accepturum</strong></span> <span class='ocrx_word' id='word_1_115' title='bbox 594 2160 774 2237; x_wconf 88' lang='lat' dir='ltr'><strong>putaverat,</strong></span> <span class='ocrx_word' id='word_1_116' title='bbox 804 2153 1036 2216; x_wconf 84' lang='lat' dir='ltr'><strong>monasterium</strong></span> <span class='ocrx_word' id='word_1_117' title='bbox 1072 2153 1181 2238; x_wconf 90' lang='lat' dir='ltr'><strong>ipsum</strong></span> <span class='ocrx_word' id='word_1_118' title='bbox 1209 2175 1283 2216; x_wconf 90' lang='lat' dir='ltr'><strong>cum</strong></span> <span class='ocrx_word' id='word_1_119' title='bbox 1312 2155 1410 2217; x_wconf 90' lang='lat' dir='ltr'><strong>cartis</strong></span> 
     </span>
     <span class='ocr_line' id='line_1_17' title="bbox 352 2254 1409 2343; baseline -0.001 -23"><span class='ocrx_word' id='word_1_120' title='bbox 352 2259 422 2343; x_wconf 90' lang='lat' dir='ltr'><strong>ejus</strong></span> <span class='ocrx_word' id='word_1_121' title='bbox 448 2265 482 2320; x_wconf 90' lang='lat' dir='ltr'><strong>et</strong></span> <span class='ocrx_word' id='word_1_122' title='bbox 505 2254 718 2340; x_wconf 81' lang='lat' dir='ltr'><strong>dignitatibus</strong></span> <span class='ocrx_word' id='word_1_123' title='bbox 739 2255 890 2318; x_wconf 90' lang='lat' dir='ltr'><strong>omnibus</strong></span> <span class='ocrx_word' id='word_1_124' title='bbox 909 2255 1086 2339; x_wconf 90' lang='lat' dir='ltr'><strong>regendum</strong></span> <span class='ocrx_word' id='word_1_125' title='bbox 1107 2256 1409 2340; x_wconf 89' lang='lat' dir='ltr'><strong>disponendumque</strong></span> 
     </span>
     <span class='ocr_line' id='line_1_18' title="bbox 351 2355 1411 2442; baseline -0.001 -21"><span class='ocrx_word' id='word_1_126' title='bbox 351 2357 538 2442; x_wconf 84' lang='lat' dir='ltr'><strong>susciperet.</strong></span> <span class='ocrx_word' id='word_1_127' title='bbox 582 2355 708 2420; x_wconf 88' lang='lat' dir='ltr'><strong>Verum</strong></span> <span class='ocrx_word' id='word_1_128' title='bbox 723 2355 867 2419; x_wconf 86' lang='lat' dir='ltr'><strong>ecclesiae</strong></span> <span class='ocrx_word' id='word_1_129' title='bbox 890 2355 1143 2433; x_wconf 78' lang='lat' dir='ltr'><strong>cantuariensis,</strong></span> <span class='ocrx_word' id='word_1_130' title='bbox 1164 2380 1207 2420; x_wconf 88' lang='lat' dir='ltr'><strong>ex</strong></span> <span class='ocrx_word' id='word_1_131' title='bbox 1229 2357 1325 2420; x_wconf 90' lang='lat' dir='ltr'><strong>cartis</strong></span> <span class='ocrx_word' id='word_1_132' title='bbox 1340 2381 1411 2420; x_wconf 87' lang='lat' dir='ltr'><strong>mo-</strong></span> 
     </span>
     <span class='ocr_line' id='line_1_19' title="bbox 351 2456 1410 2543; baseline -0.002 -19"><span class='ocrx_word' id='word_1_133' title='bbox 351 2458 483 2524; x_wconf 82' lang='lat' dir='ltr'><strong>nasterii</strong></span> <span class='ocrx_word' id='word_1_134' title='bbox 521 2458 561 2522; x_wconf 87' lang='lat' dir='ltr'><strong>de</strong></span> <span class='ocrx_word' id='word_1_135' title='bbox 591 2456 684 2520; x_wconf 91' lang='lat' dir='ltr'><strong>Bello</strong></span> <span class='ocrx_word' id='word_1_136' title='bbox 713 2456 771 2520; x_wconf 95' lang='lat' dir='ltr'><strong>illo</strong></span> <span class='ocrx_word' id='word_1_137' title='bbox 799 2457 913 2520; x_wconf 90' lang='lat' dir='ltr'><strong>delatis</strong></span> <span class='ocrx_word' id='word_1_138' title='bbox 942 2458 1025 2521; x_wconf 91' lang='lat' dir='ltr'><strong>nihil</strong></span> <span class='ocrx_word' id='word_1_139' title='bbox 1059 2459 1210 2543; x_wconf 89' lang='lat' dir='ltr'><strong>provenit</strong></span> <span class='ocrx_word' id='word_1_140' title='bbox 1243 2459 1410 2537; x_wconf 85' lang='lat' dir='ltr'><strong>utilitatis,</strong></span> 
     </span>
     <span class='ocr_line' id='line_1_20' title="bbox 352 2558 1409 2646; baseline -0.001 -21"><span class='ocrx_word' id='word_1_141' title='bbox 352 2561 473 2646; x_wconf 92' lang='lat' dir='ltr'><strong>quippe</strong></span> <span class='ocrx_word' id='word_1_142' title='bbox 498 2581 571 2624; x_wconf 90' lang='lat' dir='ltr'><strong>cum</strong></span> <span class='ocrx_word' id='word_1_143' title='bbox 597 2581 656 2622; x_wconf 89' lang='lat' dir='ltr'><strong>nec</strong></span> <span class='ocrx_word' id='word_1_144' title='bbox 678 2558 815 2643; x_wconf 83' lang='lat' dir='ltr'><strong>prolatae</strong></span> <span class='ocrx_word' id='word_1_145' title='bbox 838 2558 962 2624; x_wconf 85' lang='lat' dir='ltr'><strong>fuerint</strong></span> <span class='ocrx_word' id='word_1_146' title='bbox 989 2559 1068 2638; x_wconf 91' lang='lat' dir='ltr'><strong>illic,</strong></span> <span class='ocrx_word' id='word_1_147' title='bbox 1098 2583 1158 2625; x_wconf 88' lang='lat' dir='ltr'><strong>nec</strong></span> <span class='ocrx_word' id='word_1_148' title='bbox 1187 2561 1409 2644; x_wconf 75' lang='lat' dir='ltr'><strong>interrogatae,</strong></span> 
     </span>
     <span class='ocr_line' id='line_1_21' title="bbox 351 2660 1410 2746; baseline 0.002 -20"><span class='ocrx_word' id='word_1_149' title='bbox 351 2664 449 2728; x_wconf 88' lang='lat' dir='ltr'><strong>immo</strong></span> <span class='ocrx_word' id='word_1_150' title='bbox 470 2662 560 2726; x_wconf 93' lang='lat' dir='ltr'><strong>nulla</strong></span> <span class='ocrx_word' id='word_1_151' title='bbox 585 2684 683 2746; x_wconf 90' lang='lat' dir='ltr'><strong>super</strong></span> <span class='ocrx_word' id='word_1_152' title='bbox 705 2660 796 2746; x_wconf 90' lang='lat' dir='ltr'><strong>ipsis,</strong></span> <span class='ocrx_word' id='word_1_153' title='bbox 821 2685 863 2725; x_wconf 90' lang='lat' dir='ltr'><strong>an</strong></span> <span class='ocrx_word' id='word_1_154' title='bbox 886 2661 953 2726; x_wconf 92' lang='lat' dir='ltr'><strong>illic</strong></span> <span class='ocrx_word' id='word_1_155' title='bbox 979 2663 1020 2725; x_wconf 90' lang='lat' dir='ltr'><strong>ad</strong></span> <span class='ocrx_word' id='word_1_156' title='bbox 1045 2686 1175 2727; x_wconf 91' lang='lat' dir='ltr'><strong>manum</strong></span> <span class='ocrx_word' id='word_1_157' title='bbox 1198 2663 1410 2742; x_wconf 72' lang='lat' dir='ltr'><strong>haberentur,</strong></span> 
     </span>
     <span class='ocr_line' id='line_1_22' title="bbox 350 2763 1408 2851; baseline -0.001 -21"><span class='ocrx_word' id='word_1_158' title='bbox 350 2766 402 2830; x_wconf 91' lang='lat' dir='ltr'><strong>vel</strong></span> <span class='ocrx_word' id='word_1_159' title='bbox 425 2788 445 2830; x_wconf 89' lang='lat' dir='ltr'><strong>a</strong></span> <span class='ocrx_word' id='word_1_160' title='bbox 466 2787 543 2849; x_wconf 89' lang='lat' dir='ltr'><strong>rege</strong></span> <span class='ocrx_word' id='word_1_161' title='bbox 558 2763 610 2830; x_wconf 90' lang='lat' dir='ltr'><strong>vel</strong></span> <span class='ocrx_word' id='word_1_162' title='bbox 629 2764 670 2827; x_wconf 88' lang='lat' dir='ltr'><strong>ab</strong></span> <span class='ocrx_word' id='word_1_163' title='bbox 691 2763 931 2848; x_wconf 86' lang='lat' dir='ltr'><strong>archiepiscopo</strong></span> <span class='ocrx_word' id='word_1_164' title='bbox 951 2763 1037 2828; x_wconf 84' lang='lat' dir='ltr'><strong>facta</strong></span> <span class='ocrx_word' id='word_1_165' title='bbox 1059 2765 1235 2828; x_wconf 90' lang='lat' dir='ltr'><strong>mentione.</strong></span> <span class='ocrx_word' id='word_1_166' title='bbox 1280 2765 1408 2851; x_wconf 84' lang='lat' dir='ltr'><strong>Repor-</strong></span> 
     </span>
     <span class='ocr_line' id='line_1_23' title="bbox 351 2865 1408 2952; baseline 0 -20"><span class='ocrx_word' id='word_1_167' title='bbox 351 2877 429 2932; x_wconf 85' lang='lat' dir='ltr'><strong>tatae</strong></span> <span class='ocrx_word' id='word_1_168' title='bbox 455 2878 531 2930; x_wconf 89' lang='lat' dir='ltr'><strong>sunt</strong></span> <span class='ocrx_word' id='word_1_169' title='bbox 556 2865 658 2950; x_wconf 89' lang='lat' dir='ltr'><strong>igitur</strong></span> <span class='ocrx_word' id='word_1_170' title='bbox 682 2865 717 2927; x_wconf 92' lang='lat' dir='ltr'><strong>in</strong></span> <span class='ocrx_word' id='word_1_171' title='bbox 740 2865 971 2929; x_wconf 82' lang='lat' dir='ltr'><strong>monasterium</strong></span> <span class='ocrx_word' id='word_1_172' title='bbox 996 2887 1070 2930; x_wconf 89' lang='lat' dir='ltr'><strong>eum</strong></span> <span class='ocrx_word' id='word_1_173' title='bbox 1093 2868 1182 2930; x_wconf 91' lang='lat' dir='ltr'><strong>omni</strong></span> <span class='ocrx_word' id='word_1_174' title='bbox 1208 2867 1408 2952; x_wconf 82' lang='lat' dir='ltr'><strong>integritate,</strong></span> 
     </span>
     <span class='ocr_line' id='line_1_24' title="bbox 351 2965 1410 3051; baseline 0.004 -19"><span class='ocrx_word' id='word_1_175' title='bbox 351 2968 506 3033; x_wconf 84' lang='lat' dir='ltr'><strong>fratribus</strong></span> <span class='ocrx_word' id='word_1_176' title='bbox 530 2967 681 3030; x_wconf 89' lang='lat' dir='ltr'><strong>omnibus</strong></span> <span class='ocrx_word' id='word_1_177' title='bbox 703 2965 880 3051; x_wconf 91' lang='lat' dir='ltr'><strong>plurimum</strong></span> <span class='ocrx_word' id='word_1_178' title='bbox 898 2967 1125 3032; x_wconf 86' lang='lat' dir='ltr'><strong>exultantibus</strong></span> <span class='ocrx_word' id='word_1_179' title='bbox 1146 2969 1181 3032; x_wconf 93' lang='lat' dir='ltr'><strong>in</strong></span> <span class='ocrx_word' id='word_1_180' title='bbox 1201 2993 1310 3034; x_wconf 87' lang='lat' dir='ltr'><strong>earum</strong></span> <span class='ocrx_word' id='word_1_181' title='bbox 1330 2973 1410 3036; x_wconf 89' lang='lat' dir='ltr'><strong>satis</strong></span> 
     </span>
     <span class='ocr_line' id='line_1_25' title="bbox 351 3068 1409 3153; baseline 0.004 -20"><span class='ocrx_word' id='word_1_182' title='bbox 351 3069 531 3133; x_wconf 88' lang='lat' dir='ltr'><strong>desiderata</strong></span> <span class='ocrx_word' id='word_1_183' title='bbox 553 3068 748 3152; x_wconf 87' lang='lat' dir='ltr'><strong>receptione.</strong></span> <span class='ocrx_word' id='word_1_184' title='bbox 794 3068 931 3153; x_wconf 84' lang='lat' dir='ltr'><strong>Culpam</strong></span> <span class='ocrx_word' id='word_1_185' title='bbox 955 3070 1086 3153; x_wconf 90' lang='lat' dir='ltr'><strong>quidem</strong></span> <span class='ocrx_word' id='word_1_186' title='bbox 1112 3071 1234 3135; x_wconf 88' lang='lat' dir='ltr'><strong>nullam</strong></span> <span class='ocrx_word' id='word_1_187' title='bbox 1249 3073 1298 3135; x_wconf 92' lang='lat' dir='ltr'><strong>vir</strong></span> <span class='ocrx_word' id='word_1_188' title='bbox 1312 3097 1409 3138; x_wconf 90' lang='lat' dir='ltr'><strong>vene-</strong></span> 
     </span>
     <span class='ocr_line' id='line_1_26' title="bbox 350 3169 1406 3258; baseline 0.005 -23"><span class='ocrx_word' id='word_1_189' title='bbox 350 3171 460 3236; x_wconf 90' lang='lat' dir='ltr'><strong>rabilis</strong></span> <span class='ocrx_word' id='word_1_190' title='bbox 479 3172 548 3257; x_wconf 89' lang='lat' dir='ltr'><strong>jam</strong></span> <span class='ocrx_word' id='word_1_191' title='bbox 572 3169 695 3233; x_wconf 90' lang='lat' dir='ltr'><strong>electus</strong></span> <span class='ocrx_word' id='word_1_192' title='bbox 719 3190 761 3234; x_wconf 86' lang='lat' dir='ltr'><strong>ex</strong></span> <span class='ocrx_word' id='word_1_193' title='bbox 789 3193 828 3234; x_wconf 90' lang='lat' dir='ltr'><strong>eo</strong></span> <span class='ocrx_word' id='word_1_194' title='bbox 859 3173 1033 3249; x_wconf 87' lang='lat' dir='ltr'><strong>contraxit,</strong></span> <span class='ocrx_word' id='word_1_195' title='bbox 1059 3174 1147 3258; x_wconf 92' lang='lat' dir='ltr'><strong>quod</strong></span> <span class='ocrx_word' id='word_1_196' title='bbox 1179 3173 1406 3248; x_wconf 85' lang='lat' dir='ltr'><strong>Cantuariensi</strong></span> 
     </span>
     <span class='ocr_line' id='line_1_27' title="bbox 351 3272 1410 3362; baseline 0.005 -23"><span class='ocrx_word' id='word_1_197' title='bbox 351 3273 493 3340; x_wconf 86' lang='lat' dir='ltr'><strong>ecclesiae</strong></span> <span class='ocrx_word' id='word_1_198' title='bbox 523 3272 691 3358; x_wconf 83' lang='lat' dir='ltr'><strong>negotium</strong></span> <span class='ocrx_word' id='word_1_199' title='bbox 720 3272 842 3336; x_wconf 90' lang='lat' dir='ltr'><strong>ibidem</strong></span> <span class='ocrx_word' id='word_1_200' title='bbox 871 3296 930 3359; x_wconf 91' lang='lat' dir='ltr'><strong>per</strong></span> <span class='ocrx_word' id='word_1_201' title='bbox 963 3297 1036 3338; x_wconf 90' lang='lat' dir='ltr'><strong>eum</strong></span> <span class='ocrx_word' id='word_1_202' title='bbox 1071 3276 1178 3339; x_wconf 91' lang='lat' dir='ltr'><strong>minus</strong></span> <span class='ocrx_word' id='word_1_203' title='bbox 1215 3278 1410 3362; x_wconf 87' lang='lat' dir='ltr'><strong>expeditum</strong></span> 
     </span>
     <span class='ocr_line' id='line_1_28' title="bbox 350 3375 1409 3464; baseline 0.003 -23"><span class='ocrx_word' id='word_1_204' title='bbox 350 3378 459 3454; x_wconf 84' lang='lat' dir='ltr'><strong>fuerit,</strong></span> <span class='ocrx_word' id='word_1_205' title='bbox 485 3375 562 3462; x_wconf 88' lang='lat' dir='ltr'><strong>quia</strong></span> <span class='ocrx_word' id='word_1_206' title='bbox 588 3375 736 3460; x_wconf 90' lang='lat' dir='ltr'><strong>quisquis</strong></span> <span class='ocrx_word' id='word_1_207' title='bbox 757 3398 817 3460; x_wconf 88' lang='lat' dir='ltr'><strong>pro</strong></span> <span class='ocrx_word' id='word_1_208' title='bbox 838 3398 975 3461; x_wconf 88' lang='lat' dir='ltr'><strong>persona</strong></span> <span class='ocrx_word' id='word_1_209' title='bbox 997 3378 1129 3462; x_wconf 90' lang='lat' dir='ltr'><strong>propria</strong></span> <span class='ocrx_word' id='word_1_210' title='bbox 1151 3379 1277 3463; x_wconf 87' lang='lat' dir='ltr'><strong>cogitur</strong></span> <span class='ocrx_word' id='word_1_211' title='bbox 1300 3403 1409 3464; x_wconf 87' lang='lat' dir='ltr'><strong>agere,</strong></span> 
     </span>
     <span class='ocr_line' id='line_1_29' title="bbox 350 3478 1407 3563; baseline 0.005 -21"><span class='ocrx_word' id='word_1_212' title='bbox 350 3479 400 3543; x_wconf 90' lang='lat' dir='ltr'><strong>his</strong></span> <span class='ocrx_word' id='word_1_213' title='bbox 424 3478 482 3563; x_wconf 92' lang='lat' dir='ltr'><strong>qui</strong></span> <span class='ocrx_word' id='word_1_214' title='bbox 502 3486 596 3542; x_wconf 85' lang='lat' dir='ltr'><strong>extra</strong></span> <span class='ocrx_word' id='word_1_215' title='bbox 621 3499 789 3562; x_wconf 84' lang='lat' dir='ltr'><strong>personam</strong></span> <span class='ocrx_word' id='word_1_216' title='bbox 810 3499 900 3543; x_wconf 88' lang='lat' dir='ltr'><strong>suam</strong></span> <span class='ocrx_word' id='word_1_217' title='bbox 924 3489 1000 3542; x_wconf 92' lang='lat' dir='ltr'><strong>sunt</strong></span> <span class='ocrx_word' id='word_1_218' title='bbox 1024 3480 1148 3563; x_wconf 88' lang='lat' dir='ltr'><strong>poterit</strong></span> <span class='ocrx_word' id='word_1_219' title='bbox 1172 3481 1279 3544; x_wconf 88' lang='lat' dir='ltr'><strong>minus</strong></span> <span class='ocrx_word' id='word_1_220' title='bbox 1300 3483 1407 3547; x_wconf 92' lang='lat' dir='ltr'><strong>inten-</strong></span> 
     </span>
     <span class='ocr_line' id='line_1_30' title="bbox 351 3578 1409 3671; baseline 0.005 -27"><span class='ocrx_word' id='word_1_221' title='bbox 351 3581 436 3644; x_wconf 88' lang='lat' dir='ltr'><strong>dere.</strong></span> <span class='ocrx_word' id='word_1_222' title='bbox 482 3578 585 3642; x_wconf 92' lang='lat' dir='ltr'><strong>Venit</strong></span> <span class='ocrx_word' id='word_1_223' title='bbox 610 3579 667 3643; x_wconf 94' lang='lat' dir='ltr'><strong>illo</strong></span> <span class='ocrx_word' id='word_1_224' title='bbox 690 3589 730 3644; x_wconf 92' lang='lat' dir='ltr'><strong>ut</strong></span> <span class='ocrx_word' id='word_1_225' title='bbox 753 3602 813 3664; x_wconf 90' lang='lat' dir='ltr'><strong>pro</strong></span> <span class='ocrx_word' id='word_1_226' title='bbox 841 3581 981 3665; x_wconf 88' lang='lat' dir='ltr'><strong>negotiis</strong></span> <span class='ocrx_word' id='word_1_227' title='bbox 1007 3583 1152 3666; x_wconf 85' lang='lat' dir='ltr'><strong>ejusdem</strong></span> <span class='ocrx_word' id='word_1_228' title='bbox 1177 3584 1321 3648; x_wconf 85' lang='lat' dir='ltr'><strong>ecclesiae</strong></span> <span class='ocrx_word' id='word_1_229' title='bbox 1346 3610 1409 3671; x_wconf 89' lang='lat' dir='ltr'><strong>pro</strong></span> 
     </span>
     <span class='ocr_line' id='line_1_31' title="bbox 350 3679 1406 3772; baseline 0.007 -26"><span class='ocrx_word' id='word_1_230' title='bbox 350 3681 474 3746; x_wconf 89' lang='lat' dir='ltr'><strong>viribus</strong></span> <span class='ocrx_word' id='word_1_231' title='bbox 496 3679 640 3757; x_wconf 85' lang='lat' dir='ltr'><strong>instaret,</strong></span> <span class='ocrx_word' id='word_1_232' title='bbox 665 3681 722 3744; x_wconf 90' lang='lat' dir='ltr'><strong>sed</strong></span> <span class='ocrx_word' id='word_1_233' title='bbox 742 3681 854 3744; x_wconf 88' lang='lat' dir='ltr'><strong>eadem</strong></span> <span class='ocrx_word' id='word_1_234' title='bbox 880 3683 1071 3748; x_wconf 87' lang='lat' dir='ltr'><strong>necessitate</strong></span> <span class='ocrx_word' id='word_1_235' title='bbox 1094 3686 1236 3770; x_wconf 87' lang='lat' dir='ltr'><strong>propriae</strong></span> <span class='ocrx_word' id='word_1_236' title='bbox 1258 3710 1406 3772; x_wconf 83' lang='lat' dir='ltr'><strong>personae</strong></span> 
     </span>
     <span class='ocr_line' id='line_1_32' title="bbox 349 3781 1405 3873; baseline 0.006 -25"><span class='ocrx_word' id='word_1_237' title='bbox 349 3781 534 3869; x_wconf 89' lang='lat' dir='ltr'><strong>compulsus</strong></span> <span class='ocrx_word' id='word_1_238' title='bbox 549 3781 732 3847; x_wconf 88' lang='lat' dir='ltr'><strong>intermisit.</strong></span> <span class='ocrx_word' id='word_1_239' title='bbox 771 3781 917 3848; x_wconf 88' lang='lat' dir='ltr'><strong>Auditus</strong></span> <span class='ocrx_word' id='word_1_240' title='bbox 932 3795 982 3849; x_wconf 88' lang='lat' dir='ltr'><strong>est</strong></span> <span class='ocrx_word' id='word_1_241' title='bbox 995 3787 1202 3871; x_wconf 88' lang='lat' dir='ltr'><strong>postmodum</strong></span> <span class='ocrx_word' id='word_1_242' title='bbox 1215 3789 1405 3873; x_wconf 87' lang='lat' dir='ltr'><strong>frequenter</strong></span> 
     </span>
     <span class='ocr_line' id='line_1_33' title="bbox 348 3884 1409 3972; baseline 0.006 -22"><span class='ocrx_word' id='word_1_243' title='bbox 348 3885 530 3963; x_wconf 86' lang='lat' dir='ltr'><strong>asseruisse,</strong></span> <span class='ocrx_word' id='word_1_244' title='bbox 547 3885 635 3969; x_wconf 91' lang='lat' dir='ltr'><strong>quod</strong></span> <span class='ocrx_word' id='word_1_245' title='bbox 649 3884 712 3948; x_wconf 91' lang='lat' dir='ltr'><strong>nisi</strong></span> <span class='ocrx_word' id='word_1_246' title='bbox 731 3884 895 3948; x_wconf 88' lang='lat' dir='ltr'><strong>occasione</strong></span> <span class='ocrx_word' id='word_1_247' title='bbox 913 3908 1025 3949; x_wconf 88' lang='lat' dir='ltr'><strong>eorum</strong></span> <span class='ocrx_word' id='word_1_248' title='bbox 1040 3910 1116 3972; x_wconf 85' lang='lat' dir='ltr'><strong>quae</strong></span> <span class='ocrx_word' id='word_1_249' title='bbox 1131 3889 1192 3952; x_wconf 89' lang='lat' dir='ltr'><strong>sibi</strong></span> <span class='ocrx_word' id='word_1_250' title='bbox 1215 3891 1323 3955; x_wconf 88' lang='lat' dir='ltr'><strong>animo</strong></span> <span class='ocrx_word' id='word_1_251' title='bbox 1338 3917 1409 3957; x_wconf 92' lang='lat' dir='ltr'><strong>me-</strong></span> 
     </span>
     <span class='ocr_line' id='line_1_34' title="bbox 347 3986 1404 4073; baseline 0.006 -20"><span class='ocrx_word' id='word_1_252' title='bbox 347 3988 500 4054; x_wconf 90' lang='lat' dir='ltr'><strong>minimus</strong></span> <span class='ocrx_word' id='word_1_253' title='bbox 523 3986 708 4065; x_wconf 89' lang='lat' dir='ltr'><strong>occurrisse,</strong></span> <span class='ocrx_word' id='word_1_254' title='bbox 730 3987 847 4050; x_wconf 91' lang='lat' dir='ltr'><strong>summi</strong></span> <span class='ocrx_word' id='word_1_255' title='bbox 863 3987 949 4071; x_wconf 91' lang='lat' dir='ltr'><strong>regis</strong></span> <span class='ocrx_word' id='word_1_256' title='bbox 967 3987 1220 4073; x_wconf 84' lang='lat' dir='ltr'><strong>indignationem</strong></span> <span class='ocrx_word' id='word_1_257' title='bbox 1241 3993 1404 4059; x_wconf 88' lang='lat' dir='ltr'><strong>incurrere</strong></span> 
     </span>
     <span class='ocr_line' id='line_1_35' title="bbox 347 4089 1405 4177; baseline 0.005 -22"><span class='ocrx_word' id='word_1_258' title='bbox 347 4092 542 4177; x_wconf 86' lang='lat' dir='ltr'><strong>expavisset,</strong></span> <span class='ocrx_word' id='word_1_259' title='bbox 557 4089 680 4154; x_wconf 91' lang='lat' dir='ltr'><strong>nullius</strong></span> <span class='ocrx_word' id='word_1_260' title='bbox 701 4110 845 4173; x_wconf 91' lang='lat' dir='ltr'><strong>unquam</strong></span> <span class='ocrx_word' id='word_1_261' title='bbox 866 4098 1003 4154; x_wconf 71' lang='lat' dir='ltr'><strong>terrente</strong></span> <span class='ocrx_word' id='word_1_262' title='bbox 1024 4092 1193 4174; x_wconf 90' lang='lat' dir='ltr'><strong>potestatis</strong></span> <span class='ocrx_word' id='word_1_263' title='bbox 1216 4094 1325 4158; x_wconf 85' lang='lat' dir='ltr'><strong>favore</strong></span> <span class='ocrx_word' id='word_1_264' title='bbox 1345 4105 1405 4160; x_wconf 89' lang='lat' dir='ltr'><strong>aut</strong></span> 
     </span>
    </p>
   </div>
   <div class='ocr_carea' id='block_1_4' title="bbox 345 4303 1403 4444">
    <p class='ocr_par' dir='ltr' id='par_1_5' title="bbox 345 4303 1403 4444">
     <span class='ocr_line' id='line_1_36' title="bbox 384 4303 1403 4377; baseline 0.003 -16"><span class='ocrx_word' id='word_1_265' title='bbox 384 4307 390 4336; x_wconf 85' lang='lat'>¹</span> <span class='ocrx_word' id='word_1_266' title='bbox 410 4307 461 4360; x_wconf 80' lang='lat' dir='ltr'><strong>For</strong></span> <span class='ocrx_word' id='word_1_267' title='bbox 473 4304 548 4377; x_wconf 84' lang='lat' dir='ltr'><strong>proof</strong></span> <span class='ocrx_word' id='word_1_268' title='bbox 557 4304 587 4356; x_wconf 83' lang='lat' dir='ltr'><strong>of</strong></span> <span class='ocrx_word' id='word_1_269' title='bbox 600 4304 633 4358; x_wconf 84' lang='lat' dir='ltr'><strong>its</strong></span> <span class='ocrx_word' id='word_1_270' title='bbox 645 4304 725 4374; x_wconf 81' lang='lat' dir='ltr'><strong>being</strong></span> <span class='ocrx_word' id='word_1_271' title='bbox 737 4319 803 4373; x_wconf 87' lang='lat' dir='ltr'><strong>sung</strong></span> <span class='ocrx_word' id='word_1_272' title='bbox 822 4321 890 4373; x_wconf 89' lang='lat' dir='ltr'><strong>upon</strong></span> <span class='ocrx_word' id='word_1_273' title='bbox 909 4303 953 4356; x_wconf 92' lang='lat' dir='ltr'><strong>the</strong></span> <span class='ocrx_word' id='word_1_274' title='bbox 973 4305 1082 4358; x_wconf 89' lang='lat' dir='ltr'><strong>election</strong></span> <span class='ocrx_word' id='word_1_275' title='bbox 1096 4306 1126 4358; x_wconf 87' lang='lat' dir='ltr'><strong>of</strong></span> <span class='ocrx_word' id='word_1_276' title='bbox 1143 4325 1158 4360; x_wconf 85' lang='lat' dir='ltr'><strong>s</strong></span> <span class='ocrx_word' id='word_1_277' title='bbox 1175 4325 1231 4360; x_wconf 87' lang='lat' dir='ltr'><strong>new</strong></span> <span class='ocrx_word' id='word_1_278' title='bbox 1250 4308 1336 4377; x_wconf 84' lang='lat' dir='ltr'><strong>abbot,</strong></span> <span class='ocrx_word' id='word_1_279' title='bbox 1357 4329 1403 4364; x_wconf 87' lang='lat' dir='ltr'><strong>see</strong></span> 
     </span>
     <span class='ocr_line' id='line_1_37' title="bbox 345 4368 983 4444; baseline -0.014 -12"><span class='ocrx_word' id='word_1_280' title='bbox 345 4377 464 4432; x_wconf 85' lang='lat' dir='ltr'><strong>Martene</strong></span> <span class='ocrx_word' id='word_1_281' title='bbox 476 4376 508 4429; x_wconf 89' lang='lat' dir='ltr'><strong>dc</strong></span> <span class='ocrx_word' id='word_1_282' title='bbox 522 4374 612 4444; x_wconf 80' lang='lat' dir='ltr'><strong>Antiq.</strong></span> <span class='ocrx_word' id='word_1_283' title='bbox 626 4373 737 4440; x_wconf 85' lang='lat' dir='ltr'><strong>Ritibus,</strong></span> <span class='ocrx_word' id='word_1_284' title='bbox 748 4391 770 4428; x_wconf 85' lang='lat' dir='ltr'><strong>v.</strong></span> <span class='ocrx_word' id='word_1_285' title='bbox 782 4373 799 4426; x_wconf 92' lang='lat' dir='ltr'><strong>i.</strong></span> <span class='ocrx_word' id='word_1_286' title='bbox 814 4368 829 4443; x_wconf 64' lang='grc' dir='ltr'><strong>ξ</strong></span> <span class='ocrx_word' id='word_1_287' title='bbox 843 4376 886 4428; x_wconf 90' lang='grc'><strong>46.</strong></span> <span class='ocrx_word' id='word_1_288' title='bbox 980 4423 983 4430; x_wconf 84' lang='grc'><em>,</em></span> 
     </span>
    </p>
   </div>
   <div class='ocr_carea' id='block_1_5' title="bbox 0 0 1624 5154">
    <p class='ocr_par' dir='ltr' id='par_1_6' title="bbox 0 0 1624 5154">
     <span class='ocr_line' id='line_1_38' title="bbox 0 0 1624 5154; baseline 0 4"><span class='ocrx_word' id='word_1_289' title='bbox 0 0 1624 5154; x_wconf 95' lang='lat' dir='ltr'><strong> </strong></span> 
     </span>
    </p>
   </div>
  </div>
 </body>
</html>
