3240 5154
354 509 417 571 148
659 525 828 576 HISTORIA
854 527 1104 580 FUNDATIONIS

352 701 461 741 earum
481 679 632 742 notitiam
655 703 720 743 non
744 680 911 757 habentes,
933 681 973 742 de
999 676 1154 742 laudabili
1178 677 1319 762 ipsarum
1341 677 1409 740 vita

353 790 388 843 et
409 781 506 864 digna
527 804 633 845 coram
648 781 721 846 Deo
747 793 781 845 et
805 781 991 846 hominibus
1014 781 1254 844 conversatione
1277 789 1410 865 possent

354 883 513 946 dubitare.
560 883 723 949 Instanter
751 885 943 968 urgentibus
967 884 1068 968 regiae
1096 883 1273 947 voluntatis
1301 882 1409 945 fauto-

353 985 454 1063 ribus,
484 986 573 1071 prior
594 999 629 1050 et
657 988 773 1051 fratres
795 987 881 1072 regis
906 987 1106 1050 voluntatem
1121 985 1326 1048 universitati
1341 1006 1408 1048 suae

354 1089 572 1152 renuntiaturi
595 1091 739 1153 inducias
763 1091 929 1176 petebant,
955 1112 1015 1152 nec
1030 1088 1257 1174 impetrabant.
1304 1085 1411 1171 Igitur

356 1214 422 1274 quo
450 1213 484 1252 se
507 1201 671 1254 verterent
695 1192 879 1254 nesciebant
904 1190 939 1253 in
962 1191 1129 1253 anxietate
1144 1189 1285 1275 plurima
1298 1189 1409 1274 positi,

356 1293 434 1354 dum
443 1291 603 1356 neminem
614 1305 734 1378 praeter
745 1317 810 1371 eos,
822 1293 941 1377 quibus
952 1293 1014 1356 sibi
1022 1293 1240 1377 praeficiendis
1251 1292 1411 1355 unanimis

356 1396 541 1459 monasterii
567 1395 618 1458 sui
647 1397 854 1480 congregatio
883 1407 1061 1459 assenserat
1089 1397 1246 1458 auderent
1271 1395 1409 1478 eligere3

356 1497 422 1560 illis
441 1521 459 1560 e
481 1499 642 1561 contrario
658 1499 715 1585 qui
730 1522 791 1583 pro
808 1499 898 1582 regia
916 1497 1085 1562 voluntate
1106 1499 1255 1581 agebant,
1271 1497 1413 1582 pertina-

357 1600 438 1663 citer
464 1599 700 1678 insistentibus,
717 1601 870 1683 quatinus
894 1599 1110 1663 incontinenti
1130 1599 1229 1662 alium
1244 1599 1410 1682 eligerent.

359 1703 442 1765 Cum
468 1713 577 1766 autem
602 1704 636 1765 iu
658 1703 845 1788 hujusmodi
871 1703 1024 1766 conflictu
1044 1702 1220 1787 plurimum
1243 1701 1309 1764 diei
1332 1711 1414 1763 tem-

356 1827 420 1888 pus
436 1827 525 1867 casso
549 1805 659 1868 labore
683 1816 946 1882 consumeretur3
970 1815 1104 1889 repente
1124 1827 1195 1883 rex,
1218 1827 1315 1888 quem
1340 1826 1414 1866 cum

358 1906 597 1992 archiepiscopo
621 1918 849 1993 expectantem
879 1909 980 1972 donec
1004 1909 1043 1970 de
1080 1930 1210 1970 assensu
1241 1906 1357 1990 prioris
1381 1916 1415 1968 et

359 2009 494 2072 fratrum
510 2032 584 2072 cum
610 2011 776 2074 voluntate
802 2035 860 2075 sua
883 2011 945 2074 sibi
961 2011 1176 2087 nuntiaretur,
1189 2011 1256 2095 jam
1273 2010 1416 2072 taedebat

359 2135 530 2188 morarum,
569 2112 768 2196 indignantis
796 2113 923 2176 vultum
963 2113 1140 2196 praeferens
1168 2111 1325 2187 accurrit3
1357 2133 1415 2174 cur

358 2237 462 2277 moras
482 2226 648 2278 necterent
672 2215 851 2299 inquisivit.
898 2213 1100 2298 Urgentibus
1118 2237 1157 2276 eo
1172 2214 1276 2276 acrius
1291 2212 1341 2275 bis
1356 2213 1414 2296 qui

357 2317 397 2380 ab
413 2317 484 2400 ipso
498 2316 585 2378 missi
600 2317 730 2378 fuerant
744 2317 821 2378 satis
835 2318 1046 2380 advertebant
1059 2317 1149 2401 prior
1164 2327 1198 2378 et
1213 2317 1328 2378 fratres
1349 2338 1414 2378 non

358 2441 391 2479 se
407 2439 500 2502 posse
515 2417 691 2479 secundum
706 2418 908 2501 propositum
923 2419 1108 2502 procedere,
1124 2417 1213 2481 aliud
1227 2417 1290 2480 sibi
1312 2417 1415 2480 cousi-

358 2519 439 2582 limn
454 2519 632 2581 necessario
647 2519 859 2602 quaerendum
872 2520 952 2583 fore.

196 2642 253 2691 ouo,
263 2641 350 2682 raros
403 2622 590 2685 Advenerat
605 2633 682 2685 tunc
697 2623 782 2685 forte
798 2622 875 2686 illuc
890 2646 950 2707 pro
964 2623 1103 2707 negotiis
1115 2623 1257 2686 ecclesiae
1274 2623 1414 2686 Cantua-

196 2693 332 2832 'capitium’
358 2725 484 2802 riensis,
509 2747 614 2810 nuper
636 2725 785 2787 incendio
800 2725 987 2810 dissipatae,¹
1014 2726 1064 2788 vir
1093 2726 1225 2788 eximiae
1251 2727 1415 2811 religionis

247 2797 277 2832 Μ’
360 2828 444 2904 Odo,
460 2828 562 2912 ipsius
587 2827 730 2890 ecclcsiae
754 2828 852 2910 prior,
868 2828 921 2891 cui
940 2839 1060 2914 praeter
1075 2838 1190 2892 caetera
1211 2830 1330 2913 quibus
1345 2830 1416 2914 pol-

360 2930 449 2994 lebat
470 2929 628 2991 virtutum
657 2927 805 3012 insignia,
828 2952 946 2993 nomen
976 2932 1101 2994 celebre
1130 2931 1253 2995 iecerat
1282 2932 1415 3016 insignis

359 3030 554 3114 eloquentia,
579 3053 644 3114 qua
666 3053 738 3093 cum
763 3043 847 3094 esset
868 3032 983 3096 doctus
1005 3033 1076 3118 lege
1106 3034 1224 3112 divina,
1254 3045 1414 3119 oportune

360 3144 493 3196 noverat
516 3134 659 3218 proferre
683 3156 765 3196 nova
791 3144 824 3197 et
837 3144 956 3199 vetera.
980 3136 1069 3205 ,Hic
1096 3137 1239 3220 quidem,
1264 3137 1416 3220 quoniam

360 3249 457 3299 cartae
476 3236 669 3320 dignitatum
695 3259 731 3299 ac
746 3235 934 3301 libertatum
949 3237 1188 3300 Cantuariensis
1212 3238 1366 3316 ecclesiae,
1383 3239 1417 3300 in

361 3339 462 3422 ipsius
472 3339 641 3424 repentino
654 3337 804 3400 incendio
816 3349 907 3401 erant
915 3361 957 3402 ex
968 3338 1109 3423 plurima
1120 3351 1212 3424 parte
1224 3342 1415 3425 absumptae,

361 3464 469 3525 regem
497 3450 700 3516 convenerat,
731 3450 769 3502 ut
799 3463 852 3503 eas
881 3441 1074 3504 auctoritate
1104 3442 1193 3524 regia
1221 3443 1416 3507 innovaret.2

361 3542 460 3606 Visus
481 3553 530 3605 est
551 3564 611 3604 rex
634 3541 813 3626 postulanti
828 3543 910 3605 velle
933 3542 1127 3622 satisfacere,
1143 3567 1232 3628 spem
1247 3545 1310 3608 sibi
1334 3546 1417 3608 mul·

359 3655 425 3706 tam
448 3666 572 3728 ponens
592 3643 868 3727 promissionibus,
890 3645 924 3707 in
949 3645 1014 3708 fine
1037 3656 1145 3709 tamen
1169 3648 1288 3710 effectu
1307 3670 1417 3710 caren-

358 3757 434 3812 tem.
482 3745 625 3808 Credens
646 3745 691 3808 sic
705 3746 911 3830 promittenti
926 3749 975 3810 vir
989 3748 1142 3833 simplicis
1157 3772 1193 3812 ac
1209 3751 1290 3812 recti
1306 3749 1415 3826 animi,

358 3851 518 3937 adjecerat
541 3847 717 3932 postulare,
743 3857 781 3910 ut
796 3849 891 3911 cartis
912 3849 990 3933 ipsis
1012 3851 1148 3914 formam
1173 3861 1331 3914 cartarum
1347 3875 1417 3914 mo-

357 3952 490 4017 nasterii
519 3951 620 4014 sancti
651 3950 787 4014 Martini
828 3952 868 4014 de
899 3951 993 4015 Bello
1027 3954 1213 4037 dignaretur
1242 3977 1414 4039 apponere.

359 4057 436 4122 Rex
452 4055 578 4140 petenti
601 4075 665 4116 non
688 4063 814 4118 tantum
830 4076 895 4117 non
911 4055 1161 4133 contradixerat,
1180 4056 1360 4141 quinimmo
1376 4057 1417 4118 ad

394 4225 400 4254 ¹
422 4223 540 4275 1n1174.
578 4221 626 4272 See
644 4219 688 4272 the
705 4219 860 4290 description
908 4219 981 4290 place
994 4221 1103 4292 direotly
1110 4224 1175 4275 after
1187 4223 1232 4275 the
1245 4223 1346 4276 council
1355 4222 1416 4275 held

357 4293 594 4346 inGervas.1290.
908 4299 935 4341 at
953 4291 1139 4346 Westmiuster
1159 4293 1184 4346 in
1206 4293 1258 4346 this
1271 4311 1340 4363 year.
1375 4293 1417 4348 lb.

392 4363 402 4391 ⁹
420 4361 476 4414 The
496 4369 584 4412 events
596 4358 656 4412 here
670 4358 786 4411 narrated
799 4358 860 4410 took
910 4363 988 4418 1431.
