3260 5172
341 521 362 582 4
641 499 811 582 nrsronrl
837 530 1084 582 runnnnours

341 707 377 747 ac
402 693 537 760 mentes,
557 691 668 744 votum
688 681 782 757 facio,
809 703 860 744 me
886 679 920 742 in
943 679 1004 742 hoc
1028 677 1210 742 certaminis
1235 675 1308 739 loco
1338 698 1397 759 pro

341 785 444 849 salute
471 795 670 862 cunctorum,
696 793 729 847 et
751 783 805 846 hic
838 781 1029 845 nominatim
1055 778 1327 854 occumbentium,
1356 780 1399 842 ad

341 888 496 951 honorem
511 887 576 949 Dei
592 897 625 949 et
640 893 821 949 sanctorum
837 885 908 969 ejus
924 907 989 967 quo
1005 882 1088 946 servi
1107 881 1172 944 Dei
1194 881 1399 966 adjuventur,

343 1012 519 1074 congruum
535 1011 607 1052 cum
623 988 719 1072 digna
731 987 880 1050 libertate
907 987 1134 1048 fundaturum¹
1159 983 1399 1060 monasterium,

345 1092 433 1176 quod
461 1091 508 1154 ita
544 1101 583 1153 ut
615 1089 695 1152 mihi
730 1088 919 1172 conquirere
948 1097 1062 1173 potero
1098 1086 1165 1149 2lib
1179 1085 1229 1169 [er
1253 1132 1261 1150 .
1293 1085 1402 1169 .o]b-

345 1194 447 1256 latum
462 1191 617 1272 universis
631 1189 838 1275 propitiabile
852 1189 910 1252 fiat
924 1189 1049 1254 asilum.

391 1293 539 1378 Cumque
568 1293 654 1357 inter
683 1292 857 1370 auditores
888 1302 922 1354 et
951 1292 1082 1376 quidam
1107 1290 1243 1376 Majoris
1272 1289 1404 1354 Monas-

348 1397 422 1461 terii
447 1397 620 1460 monachus
640 1395 838 1471 Willelmus,
864 1393 967 1456 Faber
990 1393 1243 1482 cognominatus,
1268 1393 1403 1469 adesset,

349 1500 407 1585 qui
434 1499 596 1584 quondam
626 1497 728 1582 ipsius
761 1497 852 1562 ducis
883 1496 1023 1561 serviens
1054 1496 1129 1560 hinc
1160 1495 1258 1559 Fabri
1287 1517 1405 1559 nomen

349 1601 508 1678 obtinuit;
545 1602 632 1686 quod
662 1622 736 1663 cum
764 1599 927 1663 sodalibus
949 1608 1102 1662 venatum
1125 1597 1302 1682 aliquando
1332 1619 1407 1681 pro-

349 1704 464 1780 fectus,
487 1703 612 1786 sagittis
635 1702 719 1765 sorte
740 1701 975 1779 deficientibus,
1000 1722 1073 1764 cum
1097 1700 1257 1783 quendam
1279 1699 1408 1762 fabrum

349 1803 575 1888 hujuscemodi
596 1803 702 1888 operis
717 1802 864 1887 ignarum
880 1802 1030 1880 adissent,
1051 1802 1120 1886 ipse
1136 1801 1258 1864 malleis
1273 1801 1409 1886 arreptis

351 1929 429 1969 mox
458 1905 607 1990 sagittam
636 1905 809 1969 artificioso
839 1904 970 1989 ingenio
993 1905 1164 1989 compegit,
1188 1904 1410 1989 postmodum-

353 2032 416 2094 que
449 2009 615 2072 voluntate
653 2018 778 2072 mutata
815 2008 855 2071 ad
892 2007 1003 2092 Majus
1040 2005 1288 2082 Monasterium,
1323 2007 1411 2090 quod

353 2122 431 2175 tunc
455 2134 553 2196 quam
581 2111 723 2174 maxime
752 2109 918 2192 religionis
942 2111 1028 2173 fama
1049 2109 1213 2186 rutilabat,
1239 2131 1306 2171 sese
1336 2131 1411 2170 con-

354 2213 482 2289 tulerat,
513 2223 590 2275 tunc
619 2235 694 2276 vero
730 2211 895 2294 divulgato
931 2211 1033 2297 ipsius
1065 2211 1154 2275 ducis
1191 2210 1225 2272 in
1257 2209 1411 2294 Angliam

353 2316 504 2392 adventu,
539 2313 642 2397 gratia
678 2314 837 2377 commodi
875 2313 1018 2376 ecclesiae
1055 2319 1134 2392 suae,
1172 2334 1247 2375 cum
1278 2306 1413 2397 reliquis

356 2417 516 2482 exercitui
539 2438 606 2480 sese
632 2416 865 2493 immiscuerat;
897 2439 974 2479 mox
996 2426 1035 2479 ut
1056 2426 1168 2480 votum
1193 2415 1318 2478 audivit
1338 2438 1413 2500 pro-

356 2519 483 2598 cedens,
514 2517 667 2602 quatinus
696 2527 734 2581 ut
760 2517 790 2580 ei
820 2540 879 2602 pro
909 2527 984 2580 voto
1008 2517 1159 2580 cederent
1183 2517 1300 2594 omnia,
1327 2517 1414 2582 idem

357 2621 587 2685 monasterium
623 2620 658 2683 in
681 2620 920 2684 venerationem
949 2619 1036 2683 beati
1065 2619 1228 2704 pontificis
1258 2619 1415 2684 Martini³

358 2725 547 2787 nominatim
566 2723 758 2787 fundaretur
781 2722 948 2806 suggessit.
989 2722 1092 2807 Cujus
1108 2745 1182 2786 cum
1196 2723 1280 2786 votis
1296 2733 1330 2786 et
1345 2723 1413 2786 dux

358 2849 502 2890 annuens
517 2827 662 2903 devotus,
675 2826 722 2889 ita
730 2825 800 2888 fieri
812 2825 951 2908 benigne
967 2824 1201 2910 spopondisset,
1217 2836 1291 2909 post
1304 2849 1416 2910 pacem

360 2928 609 2992 conditionalem
632 2951 651 2990 a
675 2929 755 2990 duce
779 2949 837 3012 per
862 2927 1080 2990 internuntios
1102 2927 1199 2990 tertio
1214 2927 1365 3006 oblatam,
1382 2939 1417 2991 et

361 3032 401 3096 ab
425 3029 574 3093 hostibus
596 3029 780 3106 refutatam,
797 3028 914 3106 denuo,
933 3029 1033 3112 juxta
1057 3028 1192 3092 Merlini
1216 3030 1416 3108 vaticinium,

363 3143 459 3217 gente
484 3129 702 3195 Normannica
724 3131 758 3193 in
777 3129 896 3193 tunicis
921 3130 1033 3193 ferreis
1061 3129 1241 3215 Anglormn
1267 3133 1420 3196 audacter

364 3233 536 3320 dejiciente
573 3232 791 3318 supercilium,
829 3232 925 3296 armis
953 3232 1090 3296 viriliter
1122 3234 1320 3298 decertatum
1357 3247 1418 3299 est.

223 3359 250 3437 ²„
260 3358 281 3436 iq
308 3424 314 3437 ι
364 3336 489 3401 Verum
510 3358 583 3400 cum
600 3335 717 3420 Anglis
740 3333 1009 3398 indissolubiliter
1033 3357 1107 3398 cum
1121 3357 1196 3418 rege
1221 3359 1280 3400 suo
1293 3337 1419 3416 collem,

367 3461 433 3523 quo
448 3458 533 3502 nunc
558 3438 693 3501 ecclesia
715 3437 874 3514 consistit,
890 3437 1194 3526 praeoccupantibus
1218 3487 1226 3503 .
1244 3463 1283 3503 s.
1306 3443 1421 3504 cutur⁴

366 3541 503 3616 cederet,
519 3541 647 3602 tandem
662 3539 901 3602 strenuissimus
912 3537 1059 3602 Boloniae
1071 3539 1207 3625 [come]s
1225 3520 1421 3606 Eustachius

365 3642 447 3706 clam
469 3641 584 3704 callida
605 3640 829 3725 praemeditata
846 3650 925 3718 arte,
944 3640 1054 3725 fugam
1072 3665 1146 3706 cum
1170 3644 1316 3707 exercitu
1340 3645 1421 3708 duce

366 3743 548 3821 simulante,
574 3765 670 3828 super
685 3741 810 3826 Anglos
836 3743 970 3827 sparsim
985 3744 1112 3827 agiliter
1125 3745 1333 3830 insequentes
1348 3770 1422 3810 cum

366 3869 465 3912 manu
478 3844 584 3910 valida
598 3867 617 3908 a
632 3853 722 3928 tergo
746 3843 854 3922 irruit,
879 3845 994 3928 sicque
1005 3857 1038 3912 et
1052 3848 1133 3910 duce
1149 3847 1257 3912 hostes
1272 3848 1439 3912 ferociter

366 3951 549 4027 invadente,
573 3947 652 4034 ipsis
675 3946 860 4010 interclusis
885 3948 1040 4031 utrinque
1063 3960 1313 4034 prosternuntur
1327 3951 1423 4016 innu-

365 4053 457 4117 meri.
518 4048 738 4135 Dispergitur,
782 4048 984 4133 deprimitur,
1029 4051 1160 4129 labitur,
1203 4052 1342 4118 laniatur
1387 4076 1424 4116 ac
1466 4093 1469 4099 ·

401 4212 407 4242 ¹
428 4211 471 4262 An
479 4208 550 4260 older
558 4207 628 4264 hand
637 4207 667 4259 of
677 4208 739 4260 rath
748 4217 865 4329 centurp.
917 4231 919 4234 ·
957 4209 967 4239 ³
984 4211 1023 4263 As
1035 4219 1126 4280 patron
1138 4211 1168 4262 of
1183 4211 1227 4264 the
1240 4211 1358 4264 Norman
1372 4213 1423 4266 and

399 4279 410 4309 ²
427 4277 588 4400 Apparently
600 4277 638 4329 for
652 4277 798 4332 liberaliter.
849 4295 866 4330 n
922 4277 1023 4331 Frenoh
1037 4280 1153 4334 soldiers.

364 4350 424 4419 Dug
455 4351 547 4402 ilerum
560 4347 600 4400 uel
611 4346 728 4402 oblatum.
957 4350 967 4379 ⁴
986 4349 1070 4418 Dugd.
1087 4391 1093 4402 .
1108 4391 1114 4402 .
1129 4390 1135 4403 .
1149 4359 1229 4403 eatur.
