3278 5162
359 521 424 583 108
657 537 828 588 HISTORIA
851 534 1102 588 FUNDAT10N1s

195 713 333 764 oueeuona
357 686 628 770 praedecessorum
644 708 776 750 suorum
791 687 990 773 cyrographo
1003 687 1140 765 audisse,
1153 688 1209 750 sed
1223 685 1314 750 nulla
1328 686 1419 770 sigil-

195 766 232 805 the
240 766 321 805 chartei

195 815 299 856 exhibited
307 815 335 866 by

194 867 230 906 the
238 867 314 913 Abbot,
360 892 367 905 .

195 917 302 957 overruled

194 969 223 1019 by
234 969 325 1010 Richard

196 1019 222 1059 de
231 1020 290 1061 Luci.

357 787 462 851 lorum
477 787 661 851 testimonia
683 789 719 851 in
734 788 780 852 eis
795 811 829 852 se
844 811 985 874 appensa
1000 801 1150 853 causatur
1164 789 1284 854 videre.
1307 789 1418 855 Quem

357 901 488 954 mtuens
502 891 552 957 vir
565 891 754 976 magnificus
769 914 806 955 ac
819 893 963 977 prudens
978 893 1138 956 Ricardus
1160 892 1200 956 de
1216 891 1300 956 Luci
1314 892 1418 976 ipsius

357 991 484 1057 abbatis
509 992 619 1072 frater,
646 1003 724 1057 tunc
752 993 874 1057 domini
897 994 982 1078 regis
1001 994 1135 1080 justicia
1157 993 1272 1078 prima,
1298 993 1419 1078 quaerit

356 1103 467 1157 utrum
491 1093 560 1179 ipse
586 1094 729 1178 sigillum
750 1094 878 1160 babeat.
924 1095 1001 1162 Quo
1027 1105 1190 1160 asserente
1213 1118 1246 1159 se
1273 1095 1417 1178 sigillum

356 1195 485 1274 habere,
503 1197 672 1261 subridens
685 1197 735 1261 vir
749 1197 895 1276 illustris,
912 1203 933 1233 “
946 1197 1082 1276 Moris,”
1097 1198 1217 1282 inquit,
1235 1203 1257 1234 ‘⁴
1272 1197 1416 1282 antiqui-

356 1308 410 1361 tus
433 1321 499 1362 non
525 1308 594 1362 erat
619 1298 797 1382 quemlibet
821 1299 1001 1363 militulum
1016 1299 1158 1384 sigillum
1181 1299 1310 1377 habere,
1327 1301 1416 1384 quod

298 1471 302 1478 .
355 1401 486 1484 regibus
512 1411 546 1464 et
569 1401 744 1486 praecipuis
759 1411 887 1465 tantum
907 1402 1065 1486 competit
1083 1402 1240 1487 personis,
1255 1424 1316 1464 nec
1330 1402 1414 1465 anti-

356 1525 494 1587 quorum
514 1503 713 1588 temporibus
727 1504 874 1568 homines
890 1515 929 1568 ut
947 1527 1034 1568 nunc
1052 1504 1230 1568 causidicos
1245 1504 1297 1568 vel
1310 1502 1415 1568 incre-

355 1604 448 1669 dulos
462 1605 585 1669 malitia
593 1605 777 1671 reddebat.”
801 1605 948 1690 Cumque
963 1605 1198 1670 confirmationi
1214 1604 1349 1669 Henrici
1363 1628 1414 1669 re·

353 1707 403 1790 gis
416 1708 550 1771 senioris
566 1708 780 1793 calumpniam
795 1708 956 1772 niteretur
970 1707 1090 1771 inferre
1105 1707 1193 1770 idem
1208 1707 1409 1785 Gilebertus,

353 1831 496 1872 asserens
513 1810 663 1874 abbatem
683 1820 716 1874 et
735 1810 907 1874 monachos
923 1811 1053 1874 domino
1067 1809 1137 1894 regi
1151 1832 1218 1873 non
1233 1832 1291 1894 pro
1307 1809 1412 1894 aequi-

352 1920 419 1975 tate
449 1912 504 1976 sed
532 1935 593 1997 pro
621 1912 789 1977 voluntate
814 1936 907 1998 posse
942 1913 1146 1998 persuadere,
1174 1911 1323 1976 dominus
1348 1933 1410 1976 rex

352 2013 490 2098 propriis
510 2014 659 2078 manibus
674 2025 794 2078 cartam
818 2025 852 2078 et
872 2014 1015 2098 sigillum
1038 2014 1088 2078 avi
1104 2013 1154 2077 sui
1169 2013 1253 2098 regis
1270 2012 1409 2078 Henrici

352 2117 605 2200 apprehendens,
621 2119 709 2181 etad
723 2119 861 2181 eundem
878 2117 1085 2180 Gilebertum
1100 2139 1282 2194 conversus,
1306 2120 1327 2150 “
1345 2115 1409 2180 Per

351 2217 492 2297 oculos,”
515 2219 635 2304 inquit,
659 2225 681 2254 “
694 2219 771 2298 Dei,
799 2219 826 2282 si
842 2229 961 2282 cartam
975 2217 1058 2281 hanc
1071 2217 1185 2280 falsam
1200 2218 1407 2303 comprobare

349 2341 468 2402 posses,
497 2319 623 2384 lucrum
645 2320 734 2384 mille
758 2320 914 2383 librarum
927 2319 1009 2382 mihi
1024 2318 1060 2382 in
1074 2317 1197 2404 Anglia
1211 2319 1406 2383 conferres.”

351 2419 415 2483 Illo
430 2421 471 2484 ad
484 2421 565 2498 haec,
577 2432 757 2507 autparum
771 2432 830 2484 aut
844 2421 928 2484 nihil
942 2421 1168 2506 respondente,
1181 2443 1242 2484 rex
1257 2421 1407 2486 subintu-

348 2522 388 2586 lit
396 2524 529 2587 verbum
543 2523 742 2589 memoriale:
761 2528 782 2558 ‘⁶
793 2522 860 2602 Si,”
875 2523 995 2607 inquit,
1013 2527 1033 2556 “
1046 2523 1193 2586 monachi
1201 2545 1260 2608 per
1270 2523 1409 2586 similem

349 2635 469 2689 cartam
490 2636 525 2689 et
539 2625 814 2690 confirmationem
833 2624 1020 2711 hujusmodi
1038 2626 1094 2710 jus
1117 2625 1152 2687 in
1168 2625 1322 2710 praesenti
1336 2625 1408 2688 loeo

350 2729 472 2792 scilicet
485 2728 694 2805 Clarendona,
717 2751 814 2813 quem
832 2727 1009 2813 plurimum
1025 2727 1136 2811 diligo,
1152 2749 1185 2789 se
1200 2727 1318 2790 habere
1332 2749 1407 2812 pos-

343 2821 421 2894 sent
436 2833 615 2908 ostendere,
639 2829 723 2893 nihil
739 2841 823 2894 esset
840 2831 875 2893 in
891 2852 956 2915 quo
972 2830 1018 2893 eis
1029 2830 1119 2914 juste
1139 2851 1266 2914 possem
1281 2840 1406 2891 contra-

349 2932 464 3010 dicere,
490 2955 555 3015 quo
574 2933 681 2995 minus
702 2931 748 2994 eis
777 2931 907 2994 omnino
922 2930 1171 2994 dimitteretur.’'
1225 2918 1405 2994 Conversus

348 3034 451 3116 igitur
464 3055 525 3096 rex
539 3035 580 3096 ad
594 3034 745 3097 abbatem
760 3043 794 3096 et
809 3055 894 3111 suos,
919 3038 940 3069 “
952 3033 1034 3111 Ite,''
1045 3032 1166 3117 inquit,
1183 3036 1205 3066 “
1222 3042 1255 3094 et
1270 3029 1404 3096 consilio

348 3135 471 3214 habito,
494 3135 632 3199 invicem
647 3135 801 3212 conferte,
828 3133 855 3199 si
879 3134 964 3220 forte
980 3135 1023 3198 sit
1038 3134 1164 3219 aliquid
1187 3133 1241 3197 cui
1264 3132 1405 3217 amplius

350 3261 447 3324 quam
466 3239 544 3302 huic
559 3247 656 3302 cartae
679 3237 786 3302 velitis
811 3237 921 3302 inniti.
966 3237 1044 3302 Non
1064 3247 1173 3300 tamen
1187 3259 1243 3300 vos
1265 3245 1347 3321 puto
1362 3235 1405 3297 ad

348 3363 490 3425 praesens
542 3340 638 3404 aliam
676 3341 870 3426 quaesituros
910 3338 1166 3424 probationem.”
1225 3337 1400 3401 Abeuntes

309 3425 324 3452 ¹¹
348 3443 459 3528 itaque
484 3443 582 3506 abbas
605 3453 640 3506 et
663 3443 714 3506 sui
737 3465 834 3528 super
856 3443 918 3506 hoc
939 3441 1109 3506 consilium
1132 3439 1258 3518 inituri,
1284 3451 1404 3503 cartam

349 3567 439 3608 suam
465 3545 506 3607 ad
529 3567 656 3607 omnem
679 3544 905 3629 probationem
929 3566 997 3606 esse
1028 3542 1244 3606 sufficientem
1270 3563 1404 3624 cognos-

349 3656 456 3709 centes
466 3667 509 3708 ex
524 3645 629 3708 verbis
643 3645 728 3729 regis
737 3645 871 3723 ultimis,
886 3645 1006 3728 quibus
1020 3645 1118 3723 dixit,
1135 3650 1156 3679 “
1169 3645 1247 3711 Non
1255 3666 1311 3708 vos
1322 3641 1409 3728 puto.

348 3747 542 3832 adpraesens
556 3745 651 3818 aliam
667 3747 860 3831 quaesituros
870 3747 1124 3832 probationem,”
1148 3746 1183 3810 in
1197 3746 1406 3832 praesentiam

347 3849 432 3933 regis
456 3859 490 3912 et
514 3849 723 3913 assidentium
744 3849 855 3912 habito
876 3851 945 3936 jam
969 3849 1102 3913 consilio
1125 3849 1273 3928 redeunt,
1289 3870 1404 3913 senon

348 3953 427 4018 alios
442 3952 538 4017 inniti
547 3962 605 4016 aut
616 3952 712 4016 aliam
724 3952 930 4037 quaesituros,
941 3963 1035 4016 extra
1045 3951 1405 4037 cartam,probationem

347 4065 503 4134 asserunt,
518 4054 566 4118 nil
592 4078 625 4118 se
655 4055 756 4140 magis
784 4056 836 4118 vel
864 4055 971 4118 minus
997 4064 1091 4117 extra
1116 4063 1236 4117 cartam
1258 4053 1403 4136 exigere,

347 4179 443 4242 super
457 4158 518 4222 hoc
533 4169 641 4222 autem
657 4181 690 4221 se
701 4157 862 4244 judicium
877 4157 976 4241 regiae
991 4156 1090 4220 curiae
1107 4165 1292 4240 expectare.
1324 4153 1403 4217 Non

381 4331 388 4362 ¹
411 4331 459 4384 See
483 4331 527 4384 the
560 4331 703 4385 discussion
728 4350 761 4384 on
792 4332 845 4385 this
893 4330 981 4384 tioned
993 4329 1029 4400 by
1050 4329 1118 4383 Mat.
1139 4329 1220 4399 Pan's,
1233 4329 1260 4382 in
1274 4328 1330 4382 vit.
1344 4325 1402 4380 Ab·

344 4400 445 4470 subject
470 4401 496 4454 in
524 4419 540 4454 a
568 4401 665 4456 similar
689 4419 747 4456 case
772 4419 844 4456 men·
894 4402 946 4458 bot.
959 4402 985 4454 Β.
998 4399 1104 4467 Albani,
1116 4417 1143 4470 p.
1156 4403 1198 4454 80.
