3240 5154
533 577 756 630 nonrsrnnn
778 577 827 628 oa
852 578 977 628 annno.
1229 561 1290 632 171

230 727 331 792 fuisse
344 738 544 813 susceptum,
561 740 595 792 et
611 728 815 806 auctoritate,
832 750 897 812 qua
917 725 1039 792 electus
1053 726 1173 811 potuit,
1192 724 1227 788 in
1241 748 1293 788 ec·

231 831 327 894 clesia
348 830 548 908 institutum,
564 841 653 896 carta
671 830 882 894 nihilominus
904 830 967 893 sibi
987 852 1006 893 a
1023 828 1162 914 praefato
1188 827 1292 892 electo

230 955 327 1019 super
340 933 443 1019 ipsius
456 934 665 999 institutione
679 934 836 1018 praestita,
853 956 951 1020 quam
964 933 1051 996 idem
1067 931 1188 996 electus
1203 941 1292 1016 post-

231 1036 364 1099 modum
383 1037 424 1100 ab
443 1035 619 1121 apostolica
640 1037 717 1100 sede
737 1037 875 1114 rediens,
898 1045 931 1099 et
951 1057 971 1098 a
993 1057 1077 1120 papa
1103 1031 1291 1098 Alexandro

231 1147 443 1217 consecratus,
461 1139 530 1224 jam
550 1137 818 1224 archiepiscopus,
836 1139 905 1224 jam
925 1138 1054 1223 primas,
1072 1137 1141 1222 jam
1164 1147 1292 1222 aposto-

229 1239 301 1303 licae
322 1239 406 1303 sedis
426 1241 563 1324 legatus,
586 1241 674 1317 omni
696 1263 762 1325 qua
782 1241 979 1325 fungebatur
1000 1239 1194 1304 auctoritate
1216 1263 1292 1304 eon·

228 1341 419 1408 firmaverat.
465 1343 641 1406 Metuebat
669 1365 745 1428 ergo
775 1366 909 1408 cernens
942 1342 1090 1427 undique
1119 1341 1291 1406 imminens

228 1443 419 1528 periculum,
436 1445 591 1530 quoniam
609 1445 637 1509 si
659 1447 812 1510 adversus
827 1445 1046 1510 Godefridum
1067 1444 1159 1507 litem
1180 1444 1289 1524 iniret,

229 1558 340 1610 contra
352 1547 452 1630 regiae
473 1547 674 1612 auctoritatis
696 1547 913 1624 donationem,
935 1556 968 1610 ct
989 1545 1219 1631 archiepiscopi
1241 1547 1291 1609 in·

228 1648 444 1726 stitutionem,
460 1671 496 1712 ac
509 1658 725 1732 utrorumque
741 1649 1027 1726 confirmationem,
1043 1658 1218 1732 contraque
1234 1647 1290 1712 do-

229 1751 354 1814 minum
377 1750 555 1814 Ricardum
584 1752 623 1816 de
644 1751 729 1816 Luci
753 1751 920 1836 saepedicti
951 1749 1124 1816 Godefridi
1152 1760 1289 1835 patrem,

232 1853 332 1917 totius
361 1852 491 1938 Angliae
513 1864 588 1939 post
611 1854 777 1918 dominum
800 1877 909 1938 regem
926 1853 1092 1938 justiciam
1118 1853 1289 1938 capitalem

230 1955 443 2020 irreverenter
471 1979 565 2040 agere
593 1957 767 2021 videretur.
814 1956 850 2019 Si
879 1979 954 2022 vero
976 1955 1029 2019 liti
1058 1955 1247 2020 renuntians
1269 1979 1289 2020 a

232 2079 327 2122 causa
351 2058 514 2137 deficeret,
537 2081 616 2123 mox
644 2059 776 2124 ecclesia
805 2059 844 2122 de
867 2058 926 2122 Wi
956 2057 1137 2121 Godefrido
1166 2058 1288 2142 absque

231 2159 299 2223 ulla
321 2161 513 2246 exceptione
540 2171 610 2226 tota
639 2161 891 2247 adjudicaretur,
919 2158 1216 2244 monasteriumque
1247 2160 1287 2225 de

231 2261 326 2327 Bello
354 2265 447 2328 annis
475 2264 612 2350 singulis
641 2265 805 2328 amissioni
834 2265 945 2329 decem
973 2285 1152 2327 marearum
1178 2264 1288 2350 subja·

230 2375 327 2430 ceret.
373 2367 557 2432 Recurrens
582 2367 685 2452 igitur
708 2367 807 2432 abbas
830 2366 870 2430 ad
894 2376 972 2434 nota
994 2375 1029 2430 et
1051 2375 1206 2430 consueta
1230 2367 1287 2430 de·

228 2468 366 2532 votionis
390 2478 424 2532 et
446 2468 600 2534 orationis
621 2469 783 2554 praesidia,
807 2491 941 2554 seseque
966 2468 1103 2534 fratrum
1126 2491 1287 2534 commen·

229 2569 308 2634 dans
336 2570 548 2648 orationibus,
586 2571 754 2635 dominum
787 2593 898 2654 regem
927 2570 1019 2648 adiit,
1054 2572 1217 2653 quomodo
1251 2573 1286 2636 in

227 2693 355 2735 causam
376 2671 559 2736 traheretur
579 2673 745 2758 exposuit,
757 2672 934 2756 prudenter
955 2671 1111 2756 principis
1130 2673 1285 2752 animum,

229 2775 282 2838 cui
311 2795 345 2837 se
367 2773 454 2859 parti
482 2774 593 2860 potius
618 2773 800 2852 inclinaret,
828 2772 961 2858 cupiens
991 2771 1152 2858 indagare.
1199 2773 1285 2861 Sup-

227 2875 370 2962 plicabat
397 2877 478 2961 regi,
508 2876 593 2940 “Ut
617 2899 652 2940 se
681 2877 779 2941 verbo
808 2875 945 2960 simplici
974 2885 1099 2939 certum
1123 2877 1284 2956 redderet,

228 2979 255 3043 si
270 2979 435 3044 ecclesiam
451 2979 490 3042 de
506 2979 565 3042 Wi
581 2979 761 3044 Godefrido
777 2979 817 3043 de
833 2977 915 3042 Luci
937 2978 1145 3042 concessisset
1165 3002 1283 3058 necne3

228 3102 370 3144 asserens
395 3103 429 3144 se
446 3081 632 3144 nullatenus
653 3081 804 3146 adversus
823 3081 931 3167 ipsum
954 3080 1171 3146 Godefridum
1192 3083 1285 3146 litem

228 3181 398 3259 initurum,
423 3181 450 3244 si
473 3180 537 3244 sibi
563 3181 603 3244 de
623 3181 708 3264 regis
731 3182 906 3246 donatione
924 3191 1034 3264 posset
1054 3183 1173 3246 certius
1192 3184 1286 3249 inno·

229 3281 382 3348 tescere.”
426 3283 505 3347 Rex
524 3281 731 3346 donationem
750 3305 808 3366 per
824 3304 858 3346 se
880 3283 1000 3346 factam
1020 3283 1123 3346 sciens
1136 3307 1202 3348 non
1216 3309 1285 3350 esse

228 3385 422 3465 eanonicam,
439 3385 539 3470 coepit
552 3385 764 3462 dissimulare,
780 3385 899 3464 diesne,
921 3390 943 3420 ‘⁶
956 3385 1033 3449 Non
1057 3409 1091 3450 se
1111 3386 1229 3451 habere
1249 3389 1284 3454 in

226 3488 380 3552 memoria
406 3489 495 3573 quod
521 3487 729 3574 saepedictam
753 3487 918 3552 ecclesiam
948 3487 1130 3554 Godefrido
1154 3513 1284 3556 eonces-

227 3591 305 3655 serit
318 3592 370 3659 vel
384 3590 652 3656 confirmaverit.”
695 3590 809 3655 Abbas
824 3591 866 3654 ab
880 3613 919 3654 eo
933 3590 1015 3654 nihil
1037 3602 1161 3656 certum
1175 3594 1284 3660 valens

226 3704 433 3778 extorquere,
458 3695 591 3758 divertit
613 3694 655 3758 ad
677 3693 965 3778 arehiepiscopum,
991 3692 1154 3759 sciscitans
1176 3697 1218 3760 ab
1242 3721 1284 3762 eo

226 3797 253 3860 si
276 3796 494 3861 Godefridum
523 3797 564 3861 ad
592 3797 875 3882 praesentationem
904 3797 1027 3860 domini
1054 3798 1139 3881 regis
1168 3799 1203 3862 in
1230 3823 1282 3864 ec·

224 3897 321 3961 clesia
335 3899 374 3960 de
390 3899 448 3962 Wi
462 3922 632 3983 personam
646 3899 841 3963 instituisset
856 3908 890 3961 et
908 3898 1150 3962 institutionem
1169 3911 1282 3964 aucto-

224 4000 321 4064 ritate
337 4022 402 4083 qua
415 4000 613 4085 fungebatur
627 4003 854 4065 confirmasset.
900 3998 1155 4086 Archiepiscopo
1166 4025 1281 4086 magna

225 4125 301 4166 cum
329 4102 504 4166 assertione
527 4113 728 4187 protestante
758 4127 791 4167 se
819 4101 1035 4166 Godefridum
1060 4124 1126 4167 non
1151 4103 1214 4167 nisi
1240 4105 1281 4169 ad

224 4206 406 4291 portionem
429 4205 584 4286 ecclesiae,
613 4229 711 4290 quam
733 4205 921 4270 Willelmus
942 4205 1113 4290 presbiter,
1144 4207 1184 4270 de
1214 4231 1281 4292 quo

225 4308 372 4394 superius
389 4307 475 4372 facta
495 4319 545 4372 est
566 4309 699 4386 mentio,
718 4309 770 4372 die
786 4331 852 4393 qua
872 4308 906 4371 in
927 4308 994 4372 fata
1015 4309 1183 4388 concessit,
1206 4334 1281 4396 pos-

224 4412 359 4488 sederat,
387 4411 578 4490 instituisse,
604 4411 753 4497 nihilque
777 4434 875 4496 super
897 4410 947 4476 his
970 4432 1045 4494 quae
1068 4412 1280 4497 archiepisco-
