3260 5172
347 566 389 628 32
651 577 822 628 maroam
845 575 1090 632 ruuuarrorus

342 729 498 813 injunctae
513 727 638 792 utiliter
660 749 790 811 operam
800 726 914 820 daret,
929 736 1107 800 revocatus,
1122 747 1165 787 ex
1188 747 1246 810 pro
1263 745 1406 788 summae·

341 831 506 914 religionis
520 830 679 893 industria
694 821 843 892 Tomeiae
856 829 955 891 abbas
977 828 1110 890 effectus
1133 837 1194 891 est.·
1238 827 1293 890 Ad
1315 847 1398 912 prae-

343 933 500 996 dictarum
515 955 590 996 vero
613 953 722 995 curam
743 929 949 994 ecclesiarum
972 928 1056 992 alius
1071 929 1202 1012 quidam
1226 931 1400 993 monachus

343 1057 416 1098 curn
432 1034 573 1098 efficacia
597 1032 818 1116 magnanimus
842 1029 933 1094 Cono
955 1030 1097 1107 nomine,
1123 1031 1275 1115 adjuncto
1302 1033 1399 1095 etiam

343 1136 405 1200 sibi
436 1137 576 1220 quodam
603 1136 701 1198 fratre
730 1133 858 1196 nomine
888 1133 1060 1209 Rotberto,
1098 1133 1287 1211 destinatus
1322 1157 1400 1197 mox

345 1238 614 1322 quemadmodum
628 1235 780 1298 intimum
794 1235 929 1298 decebat
943 1234 1086 1297 ecclesiae
1100 1235 1215 1314 filium,
1231 1237 1272 1299 ad
1283 1259 1402 1320 augen-

345 1341 422 1403 dmn
447 1350 482 1404 et
506 1338 729 1402 extollendum
759 1337 821 1400 sibi
850 1337 958 1399 locum
991 1337 1195 1400 commissum
1219 1337 1344 1401 utiliter
1366 1339 1401 1402 in

344 1453 509 1528 posterum
524 1440 731 1526 prospiciens,
748 1438 891 1502 animum
906 1437 1074 1502 convertit.
1120 1438 1278 1502 Pecuniae
1300 1439 1402 1524 siqui-

344 1545 418 1607 dem
432 1543 619 1606 reddituum
629 1541 681 1605 vel
692 1540 903 1617 oblationmn,
919 1562 978 1604 seu
992 1541 1089 1604 etiam
1103 1563 1177 1604 cum
1191 1541 1402 1626 reliquiarum

345 1645 425 1731 (quo
438 1646 524 1708 idem
546 1643 718 1728 insignitur
740 1643 842 1726 locus)
858 1642 1098 1706 circumlatione
1123 1643 1401 1728 praedicationum,

345 1744 396 1806 vel
416 1743 546 1806 aliunde
570 1762 743 1825 proposse
768 1740 933 1818 adunatas,
949 1750 1105 1804 terrarum
1121 1741 1172 1805 vel
1197 1741 1402 1805 ecclesiarum

346 1845 412 1908 sive
427 1844 621 1907 decimarum
635 1841 854 1926 adquisitione
869 1841 915 1906 cis
937 1841 1083 1927 citraque
1105 1843 1219 1906 urbem
1234 1843 1403 1908 Exonieu-

347 1968 414 2009 sem
429 1944 572 2008 ecclesiae
586 1944 657 2007 loco
673 1943 796 2006 scilicet
810 1943 873 2006 sibi
888 1944 1055 2007 commisso
1069 1946 1293 2030 perpetuabat,
1314 1945 1405 2008 inde-

348 2069 412 2130 que
425 2045 581 2110 Tonantis
594 2045 698 2130 gratia
711 2045 853 2108 favorem
865 2067 996 2130 quoque
1012 2047 1295 2131 compatriotarum
1307 2070 1404 2131 quam

347 2147 526 2211 maximum
549 2147 726 2211 obtinebat.
781 2146 930 2231 Cumque
961 2158 995 2210 et
1020 2148 1104 2212 infra
1135 2150 1249 2212 urbem
1275 2171 1406 2233 quoque

348 2250 519 2313 nonnullas
542 2250 722 2314 mansiones
745 2249 797 2312 vel
824 2260 924 2312 terras
947 2250 1110 2334 emptione
1134 2274 1191 2315 seu
1215 2252 1404 2316 devotorum

349 2351 518 2433 largitione
536 2353 605 2437 jam
627 2350 817 2435 possideret,
848 2351 1041 2414 deliberavit
1070 2353 1200 2415 tandem
1228 2352 1278 2416 vir
1305 2375 1405 2436 sagax

350 2452 491 2536 ingenio,
508 2476 546 2517 eo
562 2453 651 2538 quod
665 2452 777 2516 eadem
791 2452 892 2516 sancti
908 2451 1002 2515 Olavi
1016 2453 1151 2517 ecclesia
1164 2454 1289 2517 modica
1309 2454 1406 2531 foret,

351 2555 582 2620 monasterium
593 2554 792 2618 inhonorem
807 2554 909 2618 sancti
921 2553 1072 2618 Nicholai
1087 2555 1275 2619 confessoris
1286 2554 1407 2618 Christi

253 2671 256 2677 '
351 2658 392 2721 ad
420 2657 557 2721 fratrum
590 2656 825 2721 habitationem
864 2656 1104 2719 accommodum
1139 2680 1238 2742 penes
1274 2657 1408 2719 eandem

353 2759 519 2824 fabricare.
565 2758 740 2826 Quocum
764 2757 946 2842 superstitis
969 2757 1054 2841 regis
1069 2758 1228 2821 Willelmi
1253 2781 1408 2842 conques-

353 2862 432 2926 toris
457 2861 587 2925 licentia
615 2870 649 2924 et
677 2859 880 2935 auctoritate,
906 2858 1050 2923 animum
1079 2882 1135 2944 spe
1156 2859 1191 2922 in
1215 2859 1288 2924 Deo
1311 2883 1409 2945 quam

352 2963 494 3027 maxime
509 2961 748 3046 magnanimum
763 2960 873 3045 inopia
896 2982 962 3022 non
984 2972 1188 3044 angustante,
1202 2962 1336 3026 mirifice
1359 2963 1409 3024 iu-

353 3066 479 3142 choato,
494 3085 661 3150 proposse
676 3063 789 3127 diatim
803 3062 1003 3147 proficiebat.
1043 3062 1205 3127 Paulatim
1220 3087 1297 3148 ergo
1312 3087 1409 3149 opere

353 3168 395 3232 ad
409 3167 560 3230 effectum
575 3161 740 3244 tendente,
756 3175 790 3228 et
805 3165 917 3228 eodem
927 3166 997 3250 jam
1011 3164 1214 3248 aliquantum
1233 3165 1304 3229 loco
1318 3165 1409 3229 habi-

354 3267 447 3332 tabili
462 3267 635 3344 existente,
651 3265 760 3330 accitis
785 3265 911 3350 aliquot
933 3267 974 3330 ab
994 3267 1128 3330 ecclesia
1143 3267 1229 3330 Belli
1243 3267 1409 3344 fratribus,

355 3369 458 3455 coepit
482 3369 604 3433 ibidem
624 3367 816 3452 regulariter
839 3367 983 3432 divinum
1009 3367 1163 3432 celebrari
1187 3367 1348 3447 officium;
1372 3369 1413 3432 ad

355 3473 529 3536 eorundem
554 3471 692 3534 fratrum
715 3469 876 3554 stipendia
901 3491 975 3532 cum
1001 3469 1151 3533 omnibus
1174 3470 1215 3533 ad
1245 3470 1412 3534 ecclesiam

356 3573 457 3637 sancti
482 3571 575 3635 Olavi
604 3571 853 3655 pertinentibus,
880 3570 1014 3633 ecclesia
1040 3593 1171 3654 quoque
1197 3571 1350 3656 praedicta
1372 3572 1412 3634 de

358 3674 555 3750 Coluntuna,
571 3673 628 3735 ubi
650 3672 741 3756 prius
763 3671 986 3735 habitaverant
1004 3671 1162 3750 monachi,
1179 3695 1252 3736 cum
1268 3675 1412 3758 quinque

356 3776 449 3839 terris
464 3774 721 3860 praebendarum,
737 3773 860 3836 scilicet
875 3772 1060 3857 Uppetona,
1079 3774 1286 3851 Colebroche‚
1308 3775 1412 3838 Hine-

355 3876 461 3954 lande,
477 3877 618 3953 Waevre,
634 3874 725 3951 Esse,
741 3884 775 3936 et
790 3874 939 3938 omnibus
960 3877 1085 3939 adeam
1107 3877 1357 3961 pertinentibus,
1373 3878 1413 3940 ab

356 3979 472 4042 abbate
488 3989 522 4042 et
536 3987 695 4042 conventu
708 3976 852 4040 ecclesiae
868 3977 970 4040 sancti
986 3976 1123 4041 Martini
1137 3980 1177 4043 de
1193 3979 1297 4056 Bello,
1308 3978 1413 4040 eidem

358 4128 533 4182 simrdtatibus
552 4127 720 4208 interipsum
741 4124 860 4207 [Folear-
911 4126 1110 4180 salesburiensis
1139 4129 1222 4182 fuerat
1259 4127 1416 4181 archidiaco

358 4199 420 4251 dum
434 4197 779 4280 Tomeioepraepositum]et
798 4195 860 4248 Lin-
910 4214 969 4264 nus,
986 4197 1130 4252 successit?
1133 4197 1298 4251 'Ordericus
1312 4197 1418 4264 vitalis,

358 4268 516 4320 oolniensem
559 4268 645 4337 episco
664 4283 717 4334 um,
755 4265 860 4318 recessit
910 4237 1008 4347 psslifi.
1046 4267 1096 4319 His
1113 4267 1323 4390 cplitaphwillbe
1336 4238 1418 4320 found

358 4335 549 4459 hildoardus}e
570 4345 596 4388 et
657 4335 861 4388 aenomannensis
911 4353 938 4387 rn
952 4336 1131 4390 thesameaut
1151 4355 1180 4389 or

385 4406 500 4458 unterius
561 4404 637 4457 Bello
649 4404 798 4472 monachus
817 4404 861 4473 qui
