3260 5172
551 545 773 600 nouasrusn
799 545 848 596 Du
873 545 1000 598 BELLO.
1259 531 1300 594 13

289 697 350 762 VI.
374 697 534 762 Willelmi
551 697 763 776 cordoanarii,
785 697 840 761 vii.
857 697 1004 760 denarios
1019 704 1052 758 et
1066 717 1173 779 opera.

289 799 371 864 VII.
395 799 557 863 AEduardi
572 798 717 876 Gotcild,
739 799 795 863 vii.
811 798 957 862 denarios
973 808 1007 862 et
1021 819 1126 882 opera.

291 899 392 966 VIII.
417 901 551 964 Radulfi
566 899 684 986 Ducgi,
708 900 762 966 vii.
780 901 936 963 denarios

291 1001 358 1067 IX.
384 1002 547 1067 Gileberti
563 1004 711 1081 textoris,
734 1003 788 1067 vii.
804 1003 950 1066 denarios
966 1001 1120 1087 et'opera.

294 1104 340 1168 X.
364 1104 501 1189 Deringi
517 1103 637 1182 Pionii‚
661 1105 715 1169 vii.
733 1105 879 1169 denarios
894 1115 928 1167 et
943 1125 1050 1188 opera.

293 1205 358 1270 XI.
384 1204 549 1290 Legardae,
573 1206 627 1272 vii.
645 1207 792 1271 denarios
808 1215 842 1270 et
857 1229 962 1291 opera.

292 1307 377 1371 XII.
402 1309 544 1373 AElfuini
560 1307 694 1387 Trewae,
718 1309 772 1374 vii.
790 1309 937 1372 denarios
952 1318 986 1372 et
1000 1330 1106 1393 opera.

293 1409 397 1474 XIII.
423 1411 580 1490 Godieve‚
604 1412 658 1476 vii.
676 1411 822 1475 denarios
838 1421 872 1474 et
887 1433 992 1495 opera.

248 1581 251 1586 ,
292 1510 416 1576 XIIII.
442 1513 591 1578 Goduini
605 1513 666 1576 filii
682 1513 847 1590 Colsuein,
870 1513 912 1577 vi.
930 1512 1077 1576 denarios
1092 1521 1126 1574 et
1141 1533 1247 1595 opera.

293 1612 372 1678 XV.
398 1614 546 1678 Goduini
561 1615 640 1693 coci,
663 1615 706 1678 vi.
724 1613 871 1677 denarios
887 1624 920 1677 et
935 1636 1041 1698 opera.

293 1713 393 1780 XVI.
418 1716 575 1780 AEdvardi
590 1716 783 1802 purgatoris,
807 1717 860 1780 vii.
878 1716 1023 1780 denarios
1039 1726 1073 1780 et
1088 1737 1194 1801 opera.

295 1816 414 1881 XVII.
438 1816 596 1906 Rotberti·
610 1817 847 1895 molendinarii,
870 1818 924 1882 vii.
942 1817 1088 1882 denarios
1104 1827 1138 1880 et
1153 1839 1259 1901 opera.

296 1918 434 1982 XVIII.
459 1918 614 1982 Rotberti
630 1920 670 1983 de
686 1919 832 1998 Havena,
855 1919 910 1984 vii.
927 1919 1073 1983 denarios
1088 1929 1122 1983 et
1137 1941 1253 2002 opera..

297 2019 402 2083 XIX.
428 2018 521 2083 Selaf
531 2019 665 2096 horarii,
688 2019 743 2082 vii.
760 2019 907 2083 denarios
922 2031 955 2084 et
970 2043 1075 2105 opera.

297 2119 382 2183 XX.
407 2115 570 2183 Wulurici
585 2118 751 2198 aurifabri,
774 2119 828 2184 vii.
846 2121 991 2184 denarios
1006 2132 1040 2186 et
1054 2143 1161 2206 opera.

296 2220 400 2286 XXI.
426 2219 584 2284 Willelmi
601 2221 706 2300 Pinel,
730 2222 783 2285 vii.
800 2223 947 2288 denarios
962 2234 996 2287 et
1010 2247 1117 2309 opera.

297 2321 421 2388 XXII.
446 2323 612 2387 Lamberti
627 2325 756 2404 sutoriS,
779 2325 834 2389 vii.
852 2325 998 2390 denarios
1012 2336 1046 2390 et
1060 2349 1167 2412 opera.

296 2425 440 2490 XXIII.
465 2425 593 2489 Ordrici
608 2427 757 2511 porcarii,
780 2427 834 2492 vii.
852 2428 998 2492 denarios
1013 2440 1046 2492 et
1061 2451 1167 2514 opera.

297 2525 458 2594 XXIIII.
484 2527 624 2612 Sevugel
640 2529 776 2608 Cochec,
800 2553 829 2593 v.
847 2530 992 2594 denarios
1015 2533 1056 2594 ad
1070 2531 1190 2595 festum
1205 2530 1308 2594 sancti

257 2631 427 2696 Michaelis
442 2641 476 2694 et
491 2653 588 2715 opera
600 2655 608 2707 ;
633 2630 752 2696 XXV.
766 2640 842 2694 etv.
859 2632 1005 2695 denarios
1020 2633 1060 2695 ad
1072 2631 1192 2696 festum
1205 2631 1309 2695 sancti

258 2732 404 2812 Thomae,
426 2734 466 2796 de
481 2733 544 2796 alia
558 2755 707 2796 mansura
718 2734 819 2818 juxta
834 2755 878 2812 se,
895 2743 928 2796 et
943 2757 1050 2818 opera.

299 2833 437 2901 XXVI.
462 2834 617 2899 Mansura
642 2835 809 2914 Blacheni,
833 2835 980 2913 bubulci,
1009 2835 1064 2898 vii.
1092 2836 1240 2900 denarios
1277 2848 1310 2900 et

258 2959 363 3022 opera.

300 3037 457 3104 XXVII.
482 3037 643 3103 Willelmi
659 3039 752 3118 Grei,
775 3041 830 3103 vii.
848 3042 995 3104 denarios
1010 3052 1044 3104 et
1059 3065 1165 3126 opera.

301 3141 480 3207 XXVIII.
504 3142 659 3206 Rotberti
674 3141 734 3205 filii
751 3142 855 3220 Siflet,
879 3143 933 3207 vii.
951 3145 1097 3208 denarios
1113 3155 1146 3208 et
1161 3165 1267 3228 opera.

301 3243 445 3306 XXIX.
471 3241 612 3306 Sewardi
628 3244 717 3320 Gris,
740 3245 782 3307 vi.
801 3245 946 3308 denarios
962 3255 995 3307 et
1010 3268 1117 3328 opera.

302 3343 426 3408 XXX.
450 3344 591 3408 AElurici
605 3345 843 3430 dispensatoris,
853 3342 854 3346 ’
866 3345 921 3410 vii.
938 3346 1085 3410 denarios
1100 3355 1134 3409 et
1148 3368 1255 3431 opera.

302 3445 446 3510 XXXI.
471 3445 639 3510 Wulfuini
655 3446 752 3526 Hert,
769 3470 843 3512 cum
858 3457 943 3512 terra
957 3449 1041 3512 circa
1055 3464 1249 3527 mansuram,
1265 3450 1312 3513 xi.

259 3549 407 3612 denarios
422 3558 456 3612 et
471 3571 577 3633 opera.

303 3649 468 3715 XXXII.
492 3649 672 3715 XXXIII.
696 3651 800 3716 Juxta
815 3653 981 3717 ecclesiam
1001 3663 1120 3718 sanctae
1136 3653 1252 3718 Mariae
1275 3655 1315 3718 de

260 3753 436 3838 parrochia,
470 3763 603 3838 aparte
629 3755 819 3819 occidentali
850 3767 900 3820 est
930 3778 1080 3821 mansura
1103 3756 1202 3820 Lefui
1229 3757 1314 3834 Nuc,

261 3875 336 3938 quae
351 3856 535 3940 supradicto
556 3853 706 3935 termin0,
723 3857 824 3923 sancti
845 3859 968 3924 scilicet
983 3858 1166 3936 Michaelis,
1190 3859 1245 3920 vii.
1262 3859 1317 3920 de-

261 3957 367 4021 narios
382 3957 537 4042 persolvit
552 3969 586 4022 et
601 3981 706 4043 opera.

220 4089 222 4092 ·
266 4073 269 4076 “
305 4056 506 4125 XXXIIII.
531 4058 610 4124 Post
629 4061 719 4125 illam
735 4073 785 4126 est
804 4085 954 4128 mansura
977 4060 1140 4124 Gileberti
1172 4061 1318 4124 extranei

263 4181 426 4245 quaecum
441 4171 526 4224 terra
541 4162 603 4224 sibi
617 4164 801 4246 pertinente
817 4163 919 4228 libera
934 4172 1031 4226 estet
1046 4163 1168 4246 quieta,
1182 4175 1320 4248 excepta

263 4264 387 4328 decima
412 4275 508 4328 terrae
534 4284 601 4327 suae
629 4287 725 4348 quam
747 4265 863 4342 reddit,
888 4274 922 4328 et
948 4265 1074 4330 duobus
1101 4266 1238 4330 servitiis
1261 4289 1320 4352 per

151 4397 153 4401 ·
265 4388 395 4446 annum,
410 4389 476 4431 uno
488 4366 681 4445 Cantuariae,
698 4367 761 4432 alio
777 4367 969 4434 Lundoniae.
