3278 5162
365 539 406 603 66
660 558 829 611 maroam
855 556 1105 610 suunanours

362 713 473 767 autem
498 715 549 769 est
570 706 632 770 hoc
653 729 713 792 pro
735 708 808 791 lege
834 708 875 770 ab
899 708 1095 793 antiquitate
1117 727 1177 792 per
1198 705 1294 770 maris
1307 704 1419 770 littora

362 806 577 885 observatum,
604 819 653 887 ut,
677 809 751 872 navi
765 809 918 873 fluctibus
934 810 1083 885 contrita,
1105 809 1133 873 si
1148 808 1320 872 evadentes
1334 807 1418 870 infra

361 917 521 973 statutum
544 911 719 974 terminum
742 921 776 974 et
799 922 927 997 tempus
953 933 1024 975 eam
1047 911 1180 974 minime
1206 920 1415 995 reparassent,

361 1010 450 1074 navis
476 1020 510 1073 et
532 1034 748 1096 quaecumque
772 1013 908 1098 appulsa
921 1013 1030 1076 forent
1048 1013 1170 1096 absque
1185 1011 1368 1097 calumpnia
1381 1011 1417 1074 in

361 1112 541 1176 dominium
560 1123 656 1178 terrae
678 1114 778 1192 illius,
805 1124 838 1177 et
852 1115 887 1178 in
900 1137 1002 1178 werec
1021 1115 1181 1179 cederent.
1227 1112 1292 1176 Sed
1306 1134 1417 1196 supra-

361 1225 557 1278 memoratus
580 1238 641 1278 rex
662 1215 825 1280 Hernicus
848 1216 930 1279 hanc
945 1215 1119 1280 abhorrens
1138 1215 1415 1290 consuetudinem,

360 1325 506 1400 tempore
532 1338 602 1394 suo,
625 1339 685 1401 per
707 1318 836 1402 imperii
859 1319 910 1380 sui
933 1319 1047 1403 spatia,
1070 1318 1214 1381 edictum
1235 1316 1416 1400 proposuit,

362 1418 515 1502 quatinus
539 1418 567 1480 si
581 1418 633 1480 vel
648 1441 733 1482 unus
749 1442 766 1482 e
781 1419 856 1482 navi
878 1419 1040 1482 confracta
1054 1419 1146 1482 vivus
1169 1418 1330 1495 evasisset,
1345 1417 1416 1480 haec

360 1519 468 1583 omnia
491 1519 663 1584 obtineret.
708 1519 834 1585 Verum
860 1542 927 1605 quo
950 1543 1053 1584 novus
1077 1542 1139 1582 rex
1159 1519 1255 1596 cedit,
1281 1528 1315 1581 et
1335 1540 1419 1582 nova

359 1618 426 1684 lex.
464 1620 550 1684 Nam
565 1621 718 1686 defuncto
734 1645 783 1699 eo,
798 1623 890 1706 regni
903 1621 1069 1706 primores,
1084 1621 1190 1684 edicto
1209 1620 1330 1684 recenti
1344 1642 1417 1704 pes-

359 1722 508 1800 sundato,
521 1746 642 1787 morem
651 1724 834 1808 antiquitus
845 1725 1049 1787 observatum
1062 1723 1193 1786 sibimet
1207 1732 1414 1806 usurparunt.

360 1823 457 1888 Unde
471 1825 595 1888 factum
620 1836 680 1903 est,
703 1835 742 1889 ut
763 1825 910 1889 homines
934 1826 974 1888 de
989 1824 1220 1909 Dengemareis
1240 1825 1415 1887 secundum

358 1926 533 1989 maritimas
556 1927 815 2004 consuetudines,
847 1938 881 1991 et
913 1927 1037 2011 regales
1067 1927 1240 2011 dignitates
1271 1925 1414 1989 ecclesiae

359 2028 455 2106 Belli,
479 2029 674 2114 praedictum
696 2052 798 2094 werec
824 2031 857 2094 vi
880 2029 1075 2093 obtinerent.
1121 2029 1198 2095 Quo
1224 2028 1344 2112 agnito,
1365 2049 1414 2090 ar-

358 2130 580 2216 chiepiscopus
609 2132 731 2195 curiam
764 2132 885 2208 adiens,
912 2153 1018 2194 coram
1042 2152 1129 2214 rege,
1157 2130 1197 2192 de
1228 2131 1344 2193 abbate
1373 2129 1413 2192 de

359 2231 464 2311 Bello,
492 2235 581 2316 quod
595 2235 629 2298 in
643 2233 703 2296 hac
718 2256 753 2296 re
776 2235 809 2296 vi
825 2244 859 2297 et
873 2233 1052 2296 hostilitate
1068 2254 1146 2296 usus
1160 2231 1287 2310 fuisset,
1307 2231 1415 2315 queri-

357 2334 496 2396 moniam
511 2334 601 2399 fecit.
647 2335 719 2397 Nec
733 2357 833 2411 mora,
847 2357 908 2398 rex
922 2335 1073 2397 abbatem
1088 2333 1241 2397 mandans
1259 2355 1365 2396 coram
1380 2355 1412 2396 se

356 2435 466 2496 venire
490 2434 580 2498 fecit.
627 2435 759 2501 Quibus
782 2458 801 2498 a
825 2445 988 2499 conventu
1005 2435 1167 2499 nobilium
1191 2436 1278 2519 apud
1292 2435 1414 2518 regiam

355 2535 520 2599 ventilatis
546 2537 678 2615 curiam,
704 2559 779 2600 cum
805 2537 913 2600 studio
938 2545 972 2599 et
997 2545 1065 2600 arte
1080 2535 1241 2600 Willelmi
1257 2537 1296 2600 de
1310 2535 1412 2620 Ypra,

356 2638 415 2720 qui
432 2635 557 2701 Cantiae
573 2639 763 2702 comitatum
774 2647 852 2702 tunc
862 2638 1058 2722 possidebat,
1071 2660 1132 2700 rex
1144 2658 1276 2722 quoque
1291 2636 1414 2700 archie-

354 2740 487 2825 piscopo
501 2741 622 2819 favens,
649 2742 800 2804 abbatem
814 2751 853 2804 ut
867 2740 955 2825 pacis
970 2750 1237 2824 transgressorem
1252 2749 1412 2822 argueret,

356 2842 444 2924 quod
467 2841 591 2905 scilicet
615 2852 726 2905 contra
747 2842 832 2925 regis
857 2841 994 2904 Henrici
1017 2843 1139 2905 sancita
1161 2842 1300 2918 fecisset,
1339 2850 1416 2925 post

355 2943 528 3026 plurimam
547 2945 702 3028 utrinque
726 2945 983 3022 controversiam,
1010 2945 1140 3008 tandem
1155 2944 1202 3007 sic
1222 2943 1414 3006 curiaseda-

357 3054 422 3108 tur.
468 3045 554 3109 Nam
565 3047 675 3122 abbae,
689 3045 813 3109 ratione
826 3067 904 3108 usus
919 3046 1153 3130 praemeditata,
1169 3067 1278 3128 regem
1293 3043 1414 3107 Henri-

357 3168 432 3213 cum
454 3169 514 3231 pro
538 3147 637 3211 libitu
651 3147 787 3231 antiqua
799 3148 915 3231 patriae
934 3149 1010 3233 jura
1024 3157 1151 3210 mutare
1167 3147 1202 3210 in
1217 3146 1332 3209 diebus
1347 3145 1413 3208 suis

356 3271 449 3332 posse
479 3250 671 3314 testificatus
701 3259 760 3325 est,
785 3250 842 3311 sed
870 3271 936 3312 non
970 3249 1032 3312 nisi
1062 3248 1225 3312 communi
1256 3248 1413 3310 baronum

355 3351 447 3435 regni
473 3370 631 3416 consensu
654 3352 688 3415 in
713 3361 879 3437 posterum
892 3361 963 3415 rata
983 3351 1064 3414 fore.
1110 3349 1207 3414 Unde
1223 3350 1250 3413 si
1265 3349 1310 3427 id,
1326 3349 1411 3412 unde

355 3454 621 3532 calumniabatur,
645 3475 713 3517 suae
735 3455 903 3538 dignitatis
928 3453 1160 3537 compatriotae,
1183 3453 1319 3516 barones
1352 3451 1413 3514 sci-

354 3553 432 3616 licet
456 3557 513 3636 qui
539 3556 671 3619 aderant
686 3579 760 3619 cum
774 3557 890 3639 regalis
910 3557 1010 3620 euriae
1025 3577 1157 3619 assensu
1171 3553 1411 3630 concessissent,

356 3664 390 3716 et
404 3655 472 3738 ipse
487 3655 593 3719 libens
607 3657 745 3722 cederet.
792 3657 941 3743 Cumque
956 3666 1131 3744 praesentes
1145 3656 1237 3740 regni
1257 3656 1412 3742 primores

355 3755 426 3819 haec
441 3778 508 3818 uno
524 3778 577 3819 ore
598 3759 863 3838 contradicerent,
875 3761 911 3823 in
925 3759 1088 3823 communi
1102 3757 1233 3822 tandem
1248 3758 1413 3820 decretum

354 3867 413 3936 est,
440 3868 478 3921 ut
507 3859 618 3923 eadem
642 3861 748 3924 soluta
771 3861 870 3940 curia,
901 3863 999 3926 abbas
1028 3862 1118 3945 regia
1150 3860 1307 3944 dignitate
1336 3859 1411 3922 hinc

353 3983 444 4024 suam
466 3971 580 4026 nactus
605 3963 738 4040 curiam,
766 3963 854 4049 apud
876 3963 1109 4046 Dengemareis
1133 3962 1185 4025 die
1207 3961 1411 4024 denominato

351 4061 538 4127 hominibus
562 4065 793 4149 archiepiscopi
819 4065 1074 4142 advenientibus,
1099 4086 1226 4127 omnem
1241 4061 1410 4126 rectitudi-

351 4185 425 4226 nem
448 4173 584 4230 teneret.
640 4165 705 4228 Sed
730 4166 765 4228 in
790 4165 851 4230 hoc
875 4177 1036 4230 conventu
1061 4167 1197 4229 verbum
1226 4163 1410 4232 memoriale

351 4287 417 4348 quo
438 4267 540 4350 magis
562 4267 670 4350 regius
697 4267 861 4332 emollitus
888 4279 937 4332 est
957 4270 1082 4332 animus
1103 4268 1274 4354 providum
1289 4267 1410 4330 dixisse

349 4365 499 4428 abbatem
525 4367 670 4450 contigit.
716 4368 801 4432 Nam
825 4392 898 4433 eum
922 4381 1121 4455 argueretur,
1143 4370 1184 4435 ad
1203 4391 1312 4453 regem
1334 4390 1409 4432 con·
