3240 5154
509 525 732 579 uounsramr
753 523 806 575 ‘nr
832 522 957 574 uarro,
1199 501 1262 572 157
1342 503 1345 510 ’

207 675 321 759 gratia,
335 676 393 740 vel¹
404 676 502 738 etiam
522 687 653 752 terrore,
676 675 716 738 ad
740 673 1005 738 consentiendum
1027 669 1177 734 electioni
1196 691 1264 732 suae

211 779 354 842 animum
369 780 648 843 accommodasset.

257 880 496 944 Consummatis
519 881 669 945 omnibus
692 899 767 964 quae
791 879 874 942 circa
903 878 1093 942 electionem
1116 877 1268 940 ¹facienda

213 983 416 1060 videbantur,
456 1005 516 1046 rex
547 984 587 1047 ab
623 1006 661 1046 eo
702 990 935 1046 sacramentum
965 980 1128 1044 servandae
1165 978 1269 1043 fideli-

215 1085 302 1162 tatis,
340 1108 401 1170 pro
430 1085 662 1149 consuetudine
690 1107 757 1148 non
792 1082 914 1166 exegit,
945 1081 1047 1163 sciens
1087 1105 1163 1144 eum
1197 1081 1270 1144 nul-

216 1187 343 1250 latenus
369 1186 603 1272 praestiturum,
628 1187 727 1250 immo
756 1185 858 1268 magis
887 1184 915 1248 si
943 1184 984 1247 ab
1008 1206 1047 1247 eo
1073 1184 1270 1268 exigeretur,

217 1289 424 1351 renuntiandi
439 1287 589 1351 electioni
602 1287 678 1351 inde
694 1287 893 1350 occasionem
909 1285 1132 1370 quaesiturum.
1179 1285 1273 1349 Prior

218 1401 252 1453 et
287 1391 401 1454 fratres
430 1389 532 1453 sancti
562 1389 701 1453 Martini
737 1389 778 1452 de
817 1387 912 1451 Bello
947 1387 1085 1471 peractis
1124 1387 1274 1450 omnibus

218 1514 276 1576 pro
303 1492 424 1575 quibus
456 1491 514 1554 illo
536 1500 702 1568 venerant,
727 1491 835 1574 ipsum
866 1499 981 1574 utpote
1010 1489 1073 1552 sibi
1097 1491 1166 1574 jam
1192 1489 1276 1552 elec-

220 1593 307 1656 tione
325 1593 510 1677 praelatum,
531 1592 611 1677 quid
633 1591 818 1655 faciendum
838 1591 1025 1654 decerneret
1045 1602 1275 1669 convenerunt,

222 1705 372 1758 maestum
408 1693 565 1757 consolari
595 1693 774 1778 cupientes,
809 1694 1091 1778 omnimodamque
1118 1715 1197 1756 cum
1228 1715 1278 1756 re·

223 1796 368 1859 verentia
394 1795 456 1858 sibi
490 1795 707 1860 obedientiam
732 1795 976 1881 promittentes.
1031 1794 1195 1880 Praecepit
1222 1795 1278 1858 ille

224 1920 334 1960 omnes
362 1898 484 1983 pariter
512 1898 644 1961 domum
672 1920 826 1976 remeare,
864 1898 973 1962 dicens
1002 1920 1037 1964 se
1073 1897 1281 1983 Cantuariam

225 1999 398 2077 aditurum,
414 2000 526 2084 ibique
541 2001 777 2065 communicato
792 2023 866 2064 oum
885 2001 1029 2064 eeclesiae
1045 2020 1113 2063 suae
1127 1999 1282 2064 fratribus

225 2103 369 2180 oonsilio,
386 2103 425 2166 de
440 2125 579 2186 quorum
595 2102 719 2166 sincero
734 2103 818 2167 circa
832 2125 866 2166 se
880 2124 946 2166 non
967 2103 1137 2167 dubitabat
1153 2103 1282 2176 affectu,

226 2227 260 2267 se
276 2205 317 2268 ad
332 2226 444 2268 eorum
459 2204 630 2268 arbitrium
646 2205 796 2268 electioni
816 2227 883 2268 suae
895 2205 948 2269 vel
958 2204 1098 2290 ‘penitus
1119 2204 1285 2268 renuntia·

228 2316 349 2385 turum,
375 2307 425 2370 vel
455 2307 587 2371 omnino
617 2330 782 2372 assensum
810 2308 1034 2392 praebiturum,
1065 2309 1185 2393 quippe
1212 2330 1285 2371 cum

227 2410 365 2473 necdum
391 2432 628 2494 usquequaque
651 2433 751 2495 penes
775 2433 808 2474 se
833 2411 1051 2488 deliberasset,
1074 2411 1109 2475 in
1129 2433 1226 2496 quam
1252 2433 1285 2472 se

228 2520 353 2594 partem
368 2512 500 2596 pronior
520 2512 674 2575 inclinare
690 2512 798 2575 vellet.
837 2511 892 2576 Ad
908 2513 978 2597 ejus
998 2513 1176 2598 jussionem
1196 2513 1285 2596 prior
1299 2528 1436 2574 rumore-

230 2624 264 2676 et
278 2613 394 2676 fratres
409 2614 449 2676 ad
464 2614 694 2677 monasterium
709 2613 858 2690 redeunt,
880 2613 1083 2678 universitati
1100 2614 1286 2676 monasterii
1297 2589 1368 2674 ltili
1376 2585 1451 2680 iiii}

232 2735 307 2800 quae
327 2725 418 2800 gesta
435 2715 565 2779 fuerant
584 2715 748 2792 nuntiant,
769 2724 895 2778 etcum
915 2738 980 2779 non
1001 2725 1039 2779 ut
1061 2715 1124 2779 sibi
1143 2715 1183 2778 de
1204 2715 1287 2778 elec·
1471 2707 1474 2712 ¹

232 2819 321 2882 tione
337 2817 522 2904 injunctum
539 2818 648 2881 fuerat
667 2817 813 2895 fecerint,
833 2839 867 2880 se
890 2817 929 2880 de
950 2817 1210 2903 impossibilitate
1230 2841 1305 2882 ex-.

233 2931 357 2986 cusant.
403 2920 499 2985 Nutu
520 2920 629 2984 divino
646 2919 782 2998 cunctis,
804 2939 879 3003 quae
898 2942 956 3004 per
975 2942 1029 2982 eos
1046 2930 1138 3006 gesta
1158 2919 1289 2982 nuntia-

232 3025 362 3099 bantur,
387 3032 542 3106 tanquam
562 3045 582 3084 a
597 3021 670 3085 Deo
695 3021 861 3099 ordinatis,
885 3045 963 3086 mox
985 3022 1134 3087 universa
1147 3045 1289 3104 xcongre-

234 3124 324 3206 gatio
350 3144 540 3185 consensum
569 3123 722 3206 praebuit,
744 3126 888 3207 gaudens
912 3125 1044 3206 quidem
1068 3135 1102 3188 et
1128 3125 1289 3200 exultans,

235 3248 271 3288 ac
298 3245 388 3308 spem
417 3222 589 3308 plurimam
620 3223 814 3307 concipiens,
841 3226 930 3308 quod
955 3226 1042 3289 bono
1070 3224 1177 3302 initio,
1206 3226 1292 3288 bona

236 3336 371 3398 deberet
393 3333 564 3397 succedere
589 3332 695 3396 finalis
720 3333 893 3398 conclusio,
938 3335 1021 3397 Erat
1044 3333 1188 3398 omnium
1213 3356 1292 3397 una

237 3437 333 3502 nimis
363 3436 536 3515 exultatio,
566 3437 663 3502 talem
693 3447 886 3522 tantumque
921 3437 984 3501 sibi
1018 3438 1141 3522 praefici
1175 3438 1291 3516 virum,

238 3562 335 3625 quem
361 3541 401 3604 ad
422 3539 686 3605 consentiendum
709 3539 800 3603 nulla
822 3539 1045 3625 precipitasset
1068 3535 1213 3620 ambitio,
1238 3542 1294 3605 sed

238 3666 335 3728 quem
365 3642 518 3707 canonica
546 3651 745 3728 procreasset
775 3641 901 3706 electio.
954 3641 1089 3708 Electus
1119 3667 1195 3707 vero
1224 3643 1293 3728 ipse
1308 3649 1443 3748 Enssssfbilss

239 3745 445 3810 Cantuariam
468 3745 610 3823 veniens,
638 3768 711 3809 cum
735 3745 867 3829 quidem
890 3767 1002 3810 eorum
1025 3769 1100 3830 quae
1119 3747 1203 3810 circa
1220 3769 1294 3809 eum

237 3858 330 3932 gesta
353 3847 483 3910 fuerant
507 3847 592 3912 fama
606 3847 833 3933 praecessisset,
849 3848 1031 3911 universam
1055 3846 1296 3912 cantuariensis

239 3948 383 4013 ecclesiae
406 3949 686 4032 congregationem
705 3949 806 4012 nimio
829 3969 965 4012 maerore
990 3972 1026 4012 ac
1046 3949 1138 4012 luctu
1153 3949 1297 4033 repperit

240 4049 455 4126 deficientem,
471 4059 600 4113 tantum
613 4050 718 4113 virum
734 4050 797 4114 sibi
812 4050 943 4128 auferri,
959 4050 1102 4136 aliasque
1118 4050 1296 4128 transferri,

241 4153 437 4217 unanimiter
458 4151 688 4236 deplorantem.
735 4152 980 4216 Communicare
1005 4153 1107 4239 coepit
1131 4175 1205 4217 cum
1231 4177 1298 4218 om-

241 4255 338 4319 nibus
354 4253 535 4331 consilium,
561 4253 702 4317 maxime
718 4262 826 4318 tamen
848 4254 1090 4319 cumfratribus
1105 4255 1299 4321 discretiori-

242 4358 314 4436 bus,
339 4356 466 4441 sibique
492 4355 631 4442 amplius
654 4355 878 4435 familiaribus,
909 4356 944 4420 in
972 4379 1069 4440 quam
1099 4380 1133 4423 se
1162 4371 1298 4444 partem,
