3278 5162
349 549 414 610 110
650 558 823 612 HISTORIA
846 558 1097 611 sumamma

348 707 452 772 menti
470 705 560 772 illius
582 708 726 792 positum
747 719 883 794 repente
896 709 1025 773 invasit.
1070 707 1175 795 Cujus
1188 709 1317 774 foenum
1331 732 1407 774 cnm

348 809 382 874 vi
396 818 567 873 conaretur
581 809 720 889 auferre,
742 811 841 875 abbas
862 809 1089 896 praemunitus,
1112 811 1315 896 congregatis
1328 813 1407 875 viris

349 910 597 996 quampluribus
621 910 688 974 rim
708 911 741 974 vi
761 912 917 997 reppulit,
941 923 977 975 et
995 912 1135 990 foenum,
1158 925 1250 998 parte
1275 915 1409 979 adversa

233 1034 238 1041 ’
350 1012 494 1091 confusa,
519 1012 581 1076 sibi
604 1012 720 1097 reponi
733 1013 824 1078 fecit.
868 1013 1049 1078 Jamdictus
1071 1038 1149 1100 ergo
1163 1015 1331 1080 Robertus
1350 1038 1408 1080 cu-

348 1115 430 1178 riam
445 1113 568 1178 domiui
581 1114 667 1198 regis
681 1115 802 1193 adiens,
811 1126 847 1179 et
860 1116 939 1200 quia
951 1138 1013 1180 rex
1025 1139 1093 1182 non
1106 1119 1217 1182 aderat
1226 1118 1263 1181 in
1272 1118 1408 1182 audien-

350 1217 397 1282 tia
417 1216 624 1302 justiciarum
644 1218 717 1301 ejus
731 1239 943 1301 conquerens,
963 1218 1110 1282 homines
1133 1221 1193 1304 qui
1206 1230 1406 1284 sacramento

349 1318 497 1404 praestito
520 1327 623 1394 metas
644 1318 822 1382 tenementi
844 1318 885 1382 de
907 1313 1128 1399 Remehorne,
1155 1322 1324 1406 designare
1349 1323 1407 1386 de-

349 1421 499 1497 buerant,
524 1419 661 1484 asseruit
688 1419 764 1504 plus
783 1422 876 1505 justo
902 1443 1086 1506 occupasse,
1113 1433 1147 1487 et
1171 1424 1218 1488 sic
1240 1447 1316 1488 cum
1339 1446 1408 1488 non

350 1522 533 1586 traheretur
544 1521 580 1584 in
593 1543 732 1598 calisam,
743 1534 862 1586 terram
876 1545 967 1586 suam
981 1524 1043 1587 sibi
1058 1525 1220 1590 sublatam
1228 1549 1307 1592 esse.
1352 1527 1408 1591 Ad

351 1625 422 1710 ejus
436 1624 548 1707 itaque
562 1625 739 1688 instantem
760 1625 996 1708 querimoniam
1009 1627 1107 1690 abbas
1127 1650 1203 1692 cum
1218 1627 1406 1692 hominibus

351 1727 410 1809 qui
426 1736 543 1789 terram
556 1736 804 1810 peragraverant
817 1727 859 1790 ad
873 1727 995 1791 curiam
1008 1728 1128 1812 agitur,
1144 1751 1242 1814 super
1255 1753 1294 1793 ea
1307 1753 1406 1814 quam

350 1827 438 1891 idem
463 1825 627 1891 Robertus
649 1826 830 1891 affirmabat
856 1828 1030 1914 injustitia,
1056 1831 1290 1896 satisfacturus.
1335 1831 1407 1895 Nec

350 1938 522 1992 cunctatim
546 1929 644 1992 abbas
662 1941 773 1994 mente
796 1930 961 2008 robustus,
982 1931 1062 1994 licet
1084 1954 1218 2017 corpore
1232 1932 1405 2010 invalidus,

350 2053 385 2096 se
410 2031 463 2094 die
486 2031 700 2095 determinato
713 2031 937 2116 inpraesentia
952 2033 1159 2118 justiciarum
1173 2034 1262 2119 apud
1274 2034 1408 2098 Winto-

351 2133 439 2196 niam
453 2132 618 2211 exhibuit,
641 2133 828 2197 hominibus
843 2156 954 2198 secum
968 2135 1117 2198 adductis
1132 2136 1191 2221 qui
1217 2137 1409 2222 saepenomi-

351 2245 465 2299 natum
480 2245 703 2298 tenementum
718 2235 758 2299 de
774 2234 983 2298 Bernehorne
996 2248 1256 2320 peragraverant,
1280 2249 1314 2302 et
1338 2240 1410 2324 ejus

352 2347 454 2400 metas
478 2336 732 2419 designaverant.
776 2335 917 2400 Astante
943 2336 1093 2401 Roberto
1118 2340 1159 2402 de
1182 2339 1357 2403 Yclesham
1376 2350 1411 2403 et

352 2457 450 2522 super
464 2447 550 2500 terra
564 2460 623 2502 sua
637 2437 699 2500 sibi
721 2437 857 2501 subdole
880 2449 920 2502 nt
939 2441 1103 2503 asserebat
1127 2441 1255 2505 sublata
1269 2464 1411 2526 conque-

351 2548 454 2617 rente,
465 2540 645 2624 procedunt
660 2539 791 2625 praefati
806 2539 899 2604 xfiem
919 2541 980 2605 viri
991 2541 1023 2604 ei
1037 2543 1198 2606 infaciem
1212 2544 1409 2622 resistentes,

353 2641 471 2706 iterato
486 2652 721 2706 sacramentum
734 2652 888 2727 praestare
908 2643 1025 2728 parati,
1049 2667 1084 2707 se
1104 2668 1170 2708 non
1191 2646 1326 2730 quidem
1338 2669 1409 2709 am-

353 2743 452 2829 plius,
476 2745 656 2829 quinimmo
680 2767 722 2808 ne
744 2746 934 2808 sacramenti
953 2746 1094 2831 praestiti
1108 2747 1296 2811 viderentur
1309 2758 1413 2811 trans-

191 2875 336 2920 sumam
355 2869 526 2931 gressores,
556 2847 663 2910 minus
688 2848 780 2930 justo
809 2869 868 2910 suo
896 2848 1022 2912 ambitu
1050 2849 1254 2914 conclusisse.
1315 2849 1413 2913 Unde

189 2928 286 3032 ‘ffb‘
356 2948 443 3012 idem
469 2949 634 3012 Robertus
661 2947 753 3012 falsae
776 2949 1019 3032 conquestionis
1043 2973 1119 3014 reus
1141 2973 1211 3014 esse
1235 2952 1412 3031 convictus,

359 3050 504 3115 omnium
521 3049 648 3136 judicio
671 3049 899 3114 misericordiae
921 3052 1007 3135 regis
1021 3053 1193 3118 addicitur.
1238 3053 1414 3120 Quocom-

358 3162 463 3239 perto,
490 3152 572 3218 clam
586 3175 620 3216 se
635 3151 827 3216 subtrahens
840 3152 952 3238 fugam
966 3154 1053 3232 iniit,
1076 3176 1135 3218 nec
1150 3155 1322 3218 calcarium
1337 3176 1413 3219 suo-

359 3279 433 3321 rum
448 3255 580 3334 oblitm,
596 3264 654 3318 aut
669 3277 754 3340 equo
768 3277 912 3339 parcens,
927 3255 1019 3340 prius
1033 3279 1053 3319 a
1066 3256 1145 3340 fuga
1158 3257 1296 3335 destitit,
1311 3280 1410 3340 quam

360 3359 401 3424 ad
427 3358 559 3445 propria
588 3357 821 3421 tremebundus
848 3357 1042 3441 perveniret.
1087 3356 1200 3422 Abbas
1236 3381 1313 3422 vero
1339 3381 1413 3422 cum

361 3459 428 3524 suis
442 3461 484 3523 ad
497 3481 556 3522 sua
568 3458 826 3542 gratulabundus
840 3457 980 3536 rediens,
998 3459 1104 3540 quoad
1122 3459 1208 3522 vixit
1223 3459 1415 3544 jamdictum

361 3571 583 3624 tenementum
597 3559 730 3645 pacifice
745 3559 833 3623 omni
847 3561 954 3645 sopita
967 3560 1151 3646 calumpnia
1163 3562 1318 3646 possedit.
1362 3561 1415 3624 De

360 3661 412 3724 his
435 3661 566 3744 quidem
588 3660 745 3724 hactenus
766 3661 888 3724 dixisse
916 3661 1067 3740 sufficiat,
1087 3665 1222 3748 jamque
1236 3665 1278 3727 ad
1298 3673 1417 3728 caetera

361 3761 590 3827 sollicitudinis
604 3782 673 3827 suae
689 3771 887 3827 transeamus
902 3763 1069 3829 exercitia.

198 3886 274 3979 qpm
274 3885 344 3977 mm
405 3865 550 3930 Praeerat
573 3866 644 3950 ejus
667 3864 869 3948 temporibus
893 3865 1016 3928 domini
1039 3866 1123 3950 regis
1138 3866 1316 3931 forestariis
1342 3867 1417 3951 qui-

197 3941 274 4029 lli.
283 3934 435 4033 madedcam
450 3965 577 4032 Manus
601 3967 641 4030 de
665 3966 851 4030 Nova-villa
875 3978 1017 4046 vocatus,
1043 3968 1101 4050 qui
1126 3990 1170 4030 ex
1192 3991 1341 4032 concessa
1355 3969 1418 4032 sibi

197 4035 306 4127 ilqudy
360 4079 522 4156 potestate
548 4068 624 4134 satis
649 4067 843 4134 malitiose
834 4063 1012 4133 mnumeris
1033 4078 1067 4132 et
1085 4069 1225 4134 insolitis
1240 4071 1418 4186 quaestion-

198 4136 301 4178 mule
359 4172 432 4236 ibus
447 4172 585 4236 diversas
599 4193 657 4256 per
672 4169 826 4255 Angliam
840 4170 1018 4255 provincias
1032 4173 1183 4236 vexabat.
1223 4173 1312 4239 Quia
1329 4173 1418 4238 euim

360 4296 419 4338 nec
434 4273 543 4337 Deum
567 4295 625 4338 nec
650 4273 796 4338 homines
818 4274 1001 4352 verebatur,
1025 4295 1085 4336 nec
1110 4274 1333 4338 ecclesiasticis
1356 4296 1417 4337 nec

360 4373 556 4441 secularibus
579 4375 731 4459 parcebat
757 4375 981 4458 dignitatibus.
1027 4374 1171 4440 Domino
1198 4377 1311 4462 itaque
1340 4398 1418 4460 rege
