3278 5162
195 2561 261 2601 esven
271 2561 293 2603 u

194 2615 249 2651 trust
256 2615 278 2652 to
286 2612 319 2650 Ro

195 2661 242 2700 bert
251 2661 276 2701 dc
282 2661 329 2700 Bel-

193 2711 268 2761 asgo,
276 2711 331 2750 Areu

193 2761 270 2800 dercon
277 2760 300 2800 of

194 2811 296 2856 uomica,
310 2810 343 2850 for

193 2860 272 2900 certain

193 2913 311 2962 psyments.

353 537 418 602 120
655 547 1097 626 msrosmsuuusrrours

353 701 552 787 singularum
564 699 771 764 ecclesiarum
791 701 1048 785 possessionibus
1067 701 1108 763 ab
1124 721 1235 762 earum
1249 693 1416 783 personis,

353 806 490 868 duarum
501 803 646 866 noctium
659 802 802 887 hospitia
816 812 936 886 praeter
946 802 1118 886 jamdictas
1131 801 1320 885 pensiones¹
1338 798 1410 861 offi-

353 905 528 969 ciosissime
543 915 814 988 praeparareutur,
830 925 871 966 ne
888 905 915 966 si
936 903 1074 966 inomni
1089 903 1283 966 visitationis
1306 901 1411 984 ipsius

354 1008 472 1071 itinere
497 1008 596 1070 abbas
621 1007 684 1069 sibi
709 1017 743 1068 et
768 1007 835 1068 suis
854 1029 898 1070 ex
912 1006 1052 1091 propriis
1068 1005 1199 1067 omnino
1214 1003 1409 1087 provideret,

353 1111 427 1196 plus
446 1109 590 1172 fortassis
613 1108 649 1170 in
674 1108 827 1192 expensis
854 1131 952 1192 quam
976 1108 1012 1170 in
1031 1106 1192 1169 fiuctibus
1211 1105 1252 1166 ab
1267 1102 1411 1166 ecclesiis

354 1210 620 1296 provenientibus
643 1231 712 1271 esse
734 1209 909 1272 videretur.
955 1207 1061 1293 Igitur
1082 1207 1228 1293 personis
1245 1204 1412 1290 jamdictis

356 1313 414 1376 diu
437 1311 677 1396 superstitibus,
699 1333 774 1375 cum
798 1311 846 1374 nil
872 1311 958 1374 ultra
980 1312 1090 1374 decem
1109 1309 1239 1386 solidos,
1263 1307 1361 1370 abbas
1376 1315 1412 1368 et

355 1412 503 1477 monachi
537 1413 577 1475 de
610 1412 704 1475 Bello
733 1413 773 1476 de
804 1413 940 1497 singulis
969 1412 1112 1475 ecclesiis
1145 1434 1205 1496 per
1231 1408 1411 1494 plurimum

355 1523 485 1598 tempus
512 1513 727 1598 perciperent,
751 1514 922 1597 pensiones
943 1513 1028 1597 ipsas
1052 1535 1091 1574 eo
1118 1512 1207 1596 quod
1229 1531 1339 1573 omnes
1365 1531 1411 1570 ex

355 1615 487 1678 denario
501 1637 635 1677 numero
647 1625 841 1692 constarent,
853 1615 990 1678 decimas
1005 1613 1257 1698 appellaverunt.
1303 1609 1410 1672 Nemo

356 1715 468 1799 itaque
484 1716 524 1777 de
539 1715 669 1777 nomine
685 1716 882 1778 decimarum
896 1715 1037 1779 aestimet
1052 1715 1323 1789 contendendum,
1338 1722 1411 1774 tau-

357 1837 454 1900 quam
469 1815 588 1898 aliquae
603 1815 768 1898 portiones
783 1815 978 1880 decimarum
997 1817 1032 1880 in
1046 1816 1193 1901 praefatis
1207 1814 1360 1889 ecclesiis,
1376 1821 1411 1874 et

356 1939 421 1979 non
443 1899 544 2000 magis
564 1917 644 2001 ipsae
662 1915 805 1979 ecclesiae
830 1918 1025 1981 monasterio
1049 1918 1089 1980 de
1112 1917 1206 1980 Bello
1227 1917 1293 1978 siut
1310 1914 1410 1998 assig-

357 2029 464 2095 natae3
490 2041 564 2081 cum
589 2019 668 2082 satis
693 2029 819 2081 constet
845 2040 889 2082 ex
912 2020 997 2104 regis
1013 2019 1175 2082 Willelmi
1196 2017 1328 2080 secundi
1352 2016 1411 2100 qui

357 2121 553 2185 dedicationi
582 2121 743 2199 interfuit,
766 2132 801 2184 et
825 2121 933 2185 fratris
959 2125 1030 2207 ejus
1053 2145 1090 2185 ac
1111 2119 1301 2184 successoris
1325 2119 1412 2202 regis

359 2221 496 2285 Henrici
519 2223 827 2302 confirmationibus,
850 2223 935 2308 ipsas
957 2224 1106 2288 ecclesias
1128 2247 1201 2288 cum
1224 2221 1356 2285 decimis
1378 2230 1413 2282 et

356 2323 517 2386 fructibus
532 2324 636 2386 exeis
656 2325 931 2408 provenientibus,
946 2325 1141 2389 monasterio
1156 2325 1258 2388 sancti
1273 2323 1411 2386 Martini

357 2425 397 2488 de
414 2424 508 2488 Bello
523 2425 649 2508 integre
666 2447 734 2488 esse
750 2448 923 2492 concessas.
1260 2423 1264 2430 ’

401 2525 452 2589 De
471 2526 523 2590 his
539 2526 641 2610 igitur
659 2550 774 2590 novem
789 2528 930 2591 ecclesiis
945 2528 1117 2606 dotalibus,
1133 2527 1278 2613 personis
1301 2549 1410 2590 earum

320 2632 329 2644 '
356 2627 462 2691 adhuc
477 2629 718 2713 superstitibus,
733 2629 808 2713 plus
822 2631 932 2694 abbati
948 2642 982 2694 et
996 2631 1159 2694 monacbis
1174 2631 1214 2693 de
1229 2629 1323 2692 Bello
1339 2651 1412 2713 pro-

355 2729 445 2792 venit
459 2729 578 2792 laboris
593 2753 691 2814 quam
707 2730 869 2794 utilitatis.
915 2731 1005 2797 Quia
1026 2731 1114 2794 enim
1135 2731 1170 2793 in
1191 2731 1324 2794 remotis
1338 2754 1411 2814 par·

356 2830 447 2892 tibus
462 2830 545 2906 sitae,
560 2853 626 2893 non
647 2831 711 2893 uisi
726 2853 800 2893 cum
815 2832 1005 2895 difficultate
1021 2833 1210 2917 frequenter
1225 2832 1306 2896 adiri
1320 2843 1414 2918 pote-

356 2941 438 3008 rant,
459 2931 574 2994 abbate
593 2941 628 2994 et
648 2930 814 2994 monachis
837 2956 896 3017 pro
921 2934 1125 3016 negotiorum
1144 2933 1327 2998 diversitate
1352 2933 1415 2996 alia

356 3032 615 3118 procurantibus,
623 3042 657 3095 et
668 3034 708 3096 ab
718 3055 828 3096 earum
835 3034 999 3118 frequenti
1007 3035 1191 3098 visitatione
1203 3035 1412 3113 cessantibus,

359 3133 479 3197 debitae
494 3132 658 3217 pensionis
679 3155 765 3196 nunc
783 3153 879 3216 aegre,
895 3157 981 3199 nunc
995 3136 1182 3199 nullatenus
1197 3136 1412 3199 solvebantur.

361 3234 439 3301 Quo
448 3234 590 3318 cognit0,
600 3235 694 3297 bonae
703 3235 867 3300 memoriae
878 3238 977 3300 abbas
989 3237 1163 3316 Radulfus,
1176 3249 1351 3302 conventus
1363 3238 1414 3300 sui

360 3358 438 3400 usus
459 3337 604 3412 consilio,
630 3338 773 3402 omnium
803 3339 901 3403 simul
924 3340 1129 3404 ecclesiarum
1153 3363 1261 3403 curam
1287 3340 1415 3403 cuidam

360 3438 502 3502 Ricardo
518 3439 557 3500 de
579 3437 746 3522 Bellafago
769 3438 970 3503 Norwicensi
999 3441 1222 3504 archidiacono
1244 3440 1413 3516 commisit,

361 3549 490 3622 sumpto
512 3540 552 3602 ab
568 3562 607 3601 eo
629 3551 826 3603 sacramento
841 3541 928 3624 apud
945 3541 1085 3620 Bellum,
1099 3543 1134 3605 in
1149 3543 1291 3628 capitulo
1305 3564 1415 3604 mona-

363 3639 508 3718 chorum,
538 3639 573 3702 in
603 3639 747 3703 omnium
775 3644 958 3725 praesentia,
987 3645 1075 3728 quod
1099 3645 1224 3709 debitas
1247 3644 1417 3729 pensiones

363 3739 529 3803 annuatim
551 3741 675 3822 integre
691 3741 838 3820 solveret,
852 3755 886 3808 et
900 3745 935 3808 in
950 3747 1189 3810 conservatione
1208 3747 1292 3832 juris
1305 3767 1416 3808 eorum

363 3864 397 3904 se
412 3841 535 3925 ubique
559 3841 688 3905 omniuo
703 3843 833 3907 fidelem
849 3846 1029 3912 exhiberet.
1077 3848 1143 3910 Sed
1157 3859 1196 3910 ut
1209 3847 1417 3932 postmodum

364 3943 501 4028 contigit
523 3944 676 4028 experiri,
703 3955 737 4008 et
763 3949 953 4011 sacramenti
983 3950 1132 4033 neglecta
1161 3960 1210 4012 est
1233 3949 1358 4031 religio,
1385 3951 1419 4010 et

363 4045 539 4129 multiplex
565 4046 684 4110 exinde
706 4070 814 4111 rerum
837 4049 921 4112 facta
945 4060 994 4112 est
1010 4051 1191 4135 perplexio.
1238 4050 1315 4134 Ipso
1330 4072 1419 4112 nam·

363 4169 427 4230 que
462 4147 602 4211 Ricardo
628 4148 667 4211 de
694 4148 860 4233 Bellafago
889 4161 964 4234 post
986 4151 1190 4236 aliquantmn
1225 4163 1353 4236 tempus
1378 4151 1420 4213 ad
1451 4193 1454 4198 -

784 4347 790 4378 ¹
810 4347 858 4399 See
870 4356 938 4416 note,
951 4366 977 4419 p.
990 4353 1032 4404 69.
1075 4403 1077 4408 ,
