3240 5154
548 524 770 576 nonnsrnnn
791 525 841 574 nn
866 525 992 576 nunno.
1231 503 1293 576 127

242 700 320 762 pace
335 687 369 740 et
384 677 565 753 concordia,
581 677 638 739 sed
653 675 712 739 lite
728 685 761 739 et
771 674 902 760 judicio
914 672 1167 758 procedendum.
1194 672 1298 736 Arcta

241 791 296 843 tus
310 780 411 863 igitur
425 779 612 865 plurimum,
624 779 745 863 quippe
758 800 832 840 cum
846 799 913 839 rem
930 775 991 840 sibi
1006 798 1064 860 pro
1074 785 1150 839 voto
1164 775 1297 838 minime

243 881 373 944 cessisse
389 882 598 966 conspiceret,
614 881 765 944 abbatem
787 901 846 964 per
867 879 1047 942 Ricardum
1062 877 1297 940 Pictaviensem

243 983 519 1046 archidiaconum¹
550 982 640 1059 adiit,
672 981 735 1045 toti
763 1004 797 1044 se
823 980 892 1066 juri
922 979 1011 1064 quod
1038 980 1074 1043 in
1096 978 1299 1062 quibuslibet

244 1085 385 1149 ecclesiis
400 1085 594 1149 monasterio
609 1085 649 1148 de
672 1083 765 1147 Bello
788 1082 939 1146 dotaliter
954 1081 1120 1166 assignatis
1135 1081 1299 1144 fatebatur

243 1186 361 1248 habere
379 1185 537 1268 pollicens
560 1184 690 1247 omnino
710 1183 983 1260 renuntiaturum,
1000 1183 1027 1246 si
1051 1182 1212 1267 quendam
1234 1182 1299 1244 fra-

242 1297 323 1350 trem
336 1288 406 1372 ejus
422 1287 589 1370 Rogerurn
599 1287 638 1349 de
652 1285 819 1369 Bellafago
831 1285 961 1349 nomine
974 1284 1009 1348 in
1018 1284 1118 1348 solam
1133 1283 1299 1347 ecclesiam

243 1391 283 1452 de
298 1388 475 1453 Brantham
491 1389 687 1452 consentiret
716 1387 965 1464 instituendum,
996 1387 1056 1449 sub
1080 1387 1191 1450 eadem
1219 1409 1299 1469 pen-

243 1490 332 1554 sione
349 1514 415 1574 qua
428 1490 527 1575 paulo
546 1501 621 1554 ante
643 1489 729 1552 inter
749 1489 899 1552 abbatem
915 1499 949 1551 et
963 1489 1070 1572 ipsum
1085 1487 1299 1571 compositum

242 1603 301 1671 est,
325 1592 456 1656 nomine
479 1591 627 1676 saepefati
650 1591 836 1654 monasterii
858 1591 897 1654 de
920 1589 1026 1668 Bello,
1049 1591 1157 1674 quoad
1178 1589 1301 1653 viveret

243 1695 425 1758 tenendam.
473 1693 574 1758 Porro
599 1695 697 1757 abbas
721 1715 853 1756 suorum
875 1715 953 1756 usus
980 1691 1124 1770 consilio,
1147 1691 1298 1776 petitioni

245 1795 346 1858 Alani
361 1795 505 1859 decrevit
519 1797 554 1859 in
567 1795 626 1859 hac
645 1804 736 1880 parte
752 1795 1024 1873 satisfaciendum,
1041 1804 1169 1878 tempus
1185 1803 1224 1856 ut
1238 1817 1299 1877 pu-

245 1899 374 1961 tabatur
395 1908 591 1982 oportunum
614 1907 738 1976 nactus,
756 1920 821 1981 quo
845 1897 913 1981 ipse
938 1896 1064 1960 Alanus
1086 1897 1126 1959 ab
1152 1895 1301 1960 omnibus

245 2020 320 2084 quae
336 2009 413 2062 sunt
427 1999 614 2063 monasterii
637 1999 738 2062 sancti
761 1998 899 2062 Martini
916 1999 955 2062 de
971 1998 1066 2061 Bello
1081 1997 1212 2060 omnino
1227 1998 1300 2060 red-

244 2101 376 2165 deretur
398 2101 533 2165 alienus
581 2099 751 2164 Consensit
777 2100 877 2183 igitur
901 2101 1078 2186 prudenter
1101 2111 1219 2178 tamen,
1235 2122 1300 2162 non
1313 2121 1425 2183 coapata

246 2203 339 2287 quasi
364 2201 488 2277 adhoc
512 2201 643 2266 omnino
665 2201 833 2264 voluntate
860 2203 988 2280 ductus,
1007 2203 1063 2266 scd
1089 2212 1243 2286 tanquam
1265 2201 1300 2265 id
1312 2185 1380 2225 ψ’

244 2303 489 2367 intervenientis
505 2303 720 2367 archidiaconi
736 2303 901 2366 dilectioni
920 2303 1135 2388 praestiturus.
1177 2302 1217 2366 In
1233 2325 1299 2366 om·

243 2405 335 2470 nium
356 2405 468 2491 itaque
495 2416 561 2469 tam
581 2405 787 2491 justiciarum
805 2405 929 2469 scilicet
947 2406 1068 2470 domini
1090 2405 1183 2490 regis,
1204 2428 1300 2490 quam

246 2518 279 2570 et
292 2509 451 2571 baronum
475 2518 509 2572 et
530 2507 667 2570 aliorum
683 2507 925 2591 quamplurium
941 2509 998 2592 qui
1013 2509 1168 2572 scaccario
1183 2507 1301 2570 intere-

245 2621 319 2672 rant
346 2609 520 2694 praesentia
544 2619 577 2672 et
601 2609 777 2687 audientia,
802 2608 930 2673 Alanus
959 2610 1089 2695 publice
1112 2610 1299 2693 procedens,

246 2712 389 2775 ecclesiae
409 2713 449 2775 de
477 2711 664 2787 Brantham,
681 2709 826 2774 ecclesiae
846 2711 886 2774 de
908 2711 1142 2788 Mendlesham,
1157 2710 1300 2774 ecclesiae

248 2816 287 2878 de
318 2813 490 2890 Branford,
523 2811 714 2897 caeterisque
741 2806 902 2876 omnibus¹
915 2813 1055 2876 ecclesiis
1081 2813 1246 2877 dotalibus
1266 2813 1301 2876 in

245 2925 441 3001 perpetuum
464 2913 673 2991 renuntiavit,
695 2914 805 2999 sicque
832 2915 930 2978 abbas
950 2914 1051 2978 solam
1073 2915 1243 2978 ecclesiam'
1261 2915 1300 2978 de

246 3017 423 3080 Brantham
438 3017 569 3101 Rogero
593 3017 633 3080 de
652 3015 820 3100 Bellafago
839 3017 899 3079 sub
923 3017 1079 3102 pensione
1097 3018 1301 3082 uniusaurei

246 3119 440 3182 monasterio
455 3119 495 3181 de
512 3117 606 3182 Bello
626 3118 795 3181 annuatim
817 3119 969 3183 solvenda
987 3120 1158 3183 tenendam
1174 3143 1302 3183 conces-

248 3221 300 3285 sit.
348 3221 413 3284 Sed
427 3243 468 3283 ne
484 3229 578 3283 extra
588 3241 783 3299 consensum
798 3231 975 3283 conventus
991 3221 1041 3283 sui
1056 3221 1181 3304 aliquid
1195 3221 1230 3282 in
1244 3221 1304 3284 hac

249 3332 341 3407 parte
366 3322 471 3384 facere
497 3321 671 3398 videretur,
696 3320 782 3382 diem
807 3321 922 3383 statuit
944 3343 1013 3406 -quo
1042 3321 1129 3384 idem
1149 3323 1305 3406 ‘Rogerus

251 3425 380 3488 Bellum
394 3422 527 3486 veniens
542 3423 678 3485 eandem
693 3421 860 3485 ecclesiam
870 3445 944 3486 cum
953 3433 1041 3486 carta
1055 3423 1305 3486 confirmationis

249 3551 293 3590 ex
308 3547 465 3590 consensu
480 3534 655 3588 conventus
678 3524 864 3608 susciperet,
879 3525 1092 3610 praestitoque
1108 3537 1305 3592 sacramento

251 3629 290 3692 de
312 3627 470 3692 fidelitate
491 3625 645 3690 servanda
667 3635 701 3688 et
719 3625 875 3710 pensione
896 3626 1021 3710 integre
1040 3627 1200 3704 solvenda,
1217 3637 1305 3712 post-

251 3731 383 3793 modum
403 3729 444 3792 ad
461 3728 671 3813 episcopum²
696 3727 938 3791 Norwicensem
957 3727 1153 3806 mitteretur,
1169 3730 1209 3793 ad
1223 3749 1306 3813 prae-

251 3831 466 3894 sentationem
486 3830 611 3892 abbatis
627 3839 662 3892 et
676 3839 851 3893 conventus
871 3830 1101 3896 instituendus.
1148 3830 1306 3893 Omnibus

252 3955 327 3996 vero
348 3941 387 3995 ut
415 3953 465 3993 res
484 3930 554 4015 ipsa
584 3931 736 4014 exigebat
765 3932 827 3994 rite
850 3931 1001 4015 peractis,
1018 3953 1091 3994 cum
1117 3933 1184 4013 jam
1200 3931 1307 3994 omnia

289 4090 296 4122 ¹
316 4087 474 4142 Asterwards
496 4087 598 4140 created
616 4085 715 4157 Bishop
728 4087 757 4139 of
808 4085 946 4138 addressed
959 4094 986 4137 to
994 4085 1049 4137 him
1061 4085 1097 4155 by
1108 4085 1178 4138 John
1191 4086 1221 4137 of
1229 4087 1307 4140 Salis-

254 4160 422 4213 Winchester
455 4157 483 4208 in
512 4156 556 4208 the
587 4173 648 4226 year
678 4157 754 4210 1173.
807 4155 874 4225 bury
891 4172 934 4206 arc
952 4154 1033 4206 found
1053 4155 1107 4208 also
1124 4155 1151 4208 in
1172 4155 1216 4208 the
1237 4157 1307 4223 Qua·

255 4231 298 4284 He
306 4247 359 4282 was
371 4227 478 4282 afriend
487 4226 517 4279 of
522 4227 566 4278 the
576 4225 695 4294 Abbot’s,
705 4225 755 4278 and
809 4224 921 4294 drilogus
934 4225 964 4276 of
979 4224 1019 4276 Lu
1037 4243 1075 4278 us.

254 4301 340 4354 whilst
359 4297 527 4352 Archdeacon
549 4296 578 4347 of
594 4295 686 4348 Poitou
704 4313 755 4347 was
843 4293 853 4322 ²
872 4293 944 4346 Wm.
967 4243 1077 4363 TurbuS,
1100 4295 1221 4368 formerly
1234 4297 1306 4350 Prior

254 4367 494 4423 excommunicated
518 4365 552 4436 by
579 4365 616 4418 St.
643 4365 756 4416 Thomas
809 4363 838 4416 of
851 4363 986 4418 Norwich.

254 4441 283 4492 of
314 4437 482 4507 Canterbury.
531 4434 634 4488 Several
667 4434 755 4487 letters
