3278 5162
536 585 758 638 MONASTERII
785 585 832 634 DE
859 583 982 633 nanto,
1246 566 1289 626 83

232 741 382 806 abbatem
405 738 453 801 ita
478 738 638 802 convenit.
684 735 890 815 “Domine‚”
911 734 1021 820 inquit
1046 734 1154 810 abbas,
1183 735 1452 798 “con-nenena-

232 843 377 928 gregatio
402 841 473 904 haec
501 839 663 904 scedulam
675 863 700 903 a
713 840 804 904 vobis
826 850 958 926 propter
977 837 1222 922 ambiguitatem
1237 859 1290 901 su·
1301 809 1403 912 iiiiii?

231 945 342 1031 parius
353 943 445 1008 vobis
460 943 617 1006 indictam
630 943 787 1029 perscribi
803 953 837 1006 et
852 943 887 1005 in
901 941 1035 1006 ecclesia
1045 941 1104 1004 hac
1119 942 1154 1004 in
1169 963 1290 1004 memo·

232 1047 315 1110 riam
329 1045 576 1110 conservandam
591 1044 705 1128 exigit,
729 1067 794 1127 quo
810 1043 898 1106 omni
913 1043 1063 1128 deinceps
1077 1043 1289 1127 ambiguitate

235 1150 371 1224 detersa,
395 1147 471 1210 huic
494 1156 615 1220 sanctae
629 1145 772 1209 ecclesiae
796 1168 871 1230 quae
892 1146 967 1230 jure
990 1157 1127 1210 avestra
1140 1146 1290 1210 fraterni-

235 1261 302 1314 tate
317 1260 351 1313 et
365 1273 383 1312 a
398 1249 632 1312 successoribus
647 1247 761 1311 vestris
778 1248 936 1311 debentur
950 1248 1188 1334 impendantur.
1219 1249 1290 1314 Nos

234 1353 345 1436 itaque
391 1351 525 1414 ecclesia
566 1374 687 1430 sumus,
726 1351 878 1436 episcopo
911 1352 1084 1420 decedente
1122 1373 1290 1436 permane-

234 1455 351 1531 bimus,
377 1464 411 1516 et
435 1454 495 1518 hac
520 1454 559 1517 de
580 1475 675 1517 causa
699 1453 795 1517 hoca
811 1453 902 1516 vobis
918 1453 1112 1536 exigimus.’‘
1157 1453 1435 1560 Abbateqqtaen.

233 1580 308 1641 ergo
323 1557 484 1620 renitente
498 1579 558 1620 nec
574 1556 695 1620 eisdem
709 1557 916 1634 assentiente,
927 1579 1000 1620 cum
1013 1557 1071 1620 diu
1081 1557 1290 1640 persisterent
1301 1533 1416 1612 vireifm'

233 1681 292 1722 nec
321 1659 495 1744 quicquam
516 1659 720 1744 proficerent,
744 1659 883 1721 decanus
908 1660 1057 1722 abbatem
1074 1659 1144 1722 fixo
1158 1659 1193 1723 in
1219 1681 1290 1722 sen·

234 1761 338 1824 tentia
361 1783 419 1826 sua
432 1759 603 1846 persistere
625 1761 737 1845 gradu,
754 1759 851 1822 simul
866 1760 964 1824 etiam
977 1761 1013 1824 in
1027 1761 1075 1824 nil
1091 1762 1290 1846 proficiendo

235 1863 323 1927 diem
349 1886 393 1926 ex
427 1863 570 1926 maxima
597 1886 778 1948 expensum
801 1872 892 1948 parte
920 1863 1128 1949 perspiciens,
1159 1865 1290 1931 tandem

235 1989 401 2031 murmure
430 1966 552 2042 sedato,
575 1966 627 2032 his
650 1965 758 2030 verbis
778 1965 954 2031 conclusit:
987 1971 1008 2001 “
1024 1967 1216 2044 Dominus,”
1241 1968 1416 2030 in-‘rhevean

236 2068 320 2154 quit,
345 2072 366 2103 “
381 2078 502 2146 noster,
535 2067 706 2154 episcopus
745 2077 866 2146 noster,
902 2077 1013 2153 pastor
1052 2079 1171 2148 noster,
1199 2079 1292 2154 pater
1303 2032 1458 2170 illsst‘fthlht

1304 2144 1349 2171 reso
1357 2137 1416 2170 utron
1425 2137 1447 2171 to

236 2180 345 2235 noster
369 2171 527 2250 Hilarius,
551 2193 688 2255 persona
709 2169 827 2234 litteris
852 2180 886 2234 et
909 2171 1054 2236 moribus
1070 2171 1208 2256 egregia,
1232 2171 1291 2236 ho*
1304 2183 1431 2282 {ffith‘

236 2282 337 2350 nesta,
364 2273 523 2357 religiosa,
548 2273 643 2338 nobis
667 2273 834 2358 discipulis
855 2273 920 2338 suis
935 2283 1090 2358 tanquam
1111 2274 1187 2338 filiis
1209 2274 1315 2362 hanc·

235 2374 372 2440 formam
409 2375 581 2439 verborum
618 2397 705 2438 mare
737 2374 894 2438 transiens
922 2375 1066 2454 tradidit,
1097 2375 1156 2440 hac
1185 2376 1290 2440 forma

236 2477 404 2556 instruxit,
428 2477 648 2563 praemunivit,
674 2477 841 2562 praecepit,
864 2479 1017 2562 quatinus
1031 2501 1098 2558 vos,
1114 2480 1289 2544 reverende

236 2589 328 2666 pater
343 2590 376 2641 et
390 2579 500 2657 abbas,
519 2579 580 2642 hac
604 2579 861 2664 aggrederemur,
886 2579 1200 2658 circumveniremuS,
1224 2603 1290 2664 quo

236 2681 330 2745 nobis
345 2690 379 2744 et
395 2680 537 2744 ecclesia
551 2680 628 2745 huic
644 2679 807 2744 scedulam
823 2702 920 2764 quam
934 2704 953 2744 a
974 2691 1080 2744 vestra
1093 2681 1290 2766 paternitate

237 2783 400 2867 exigimus
425 2782 676 2868 perscriberetis.
727 2781 797 2846 Nos
818 2803 904 2860 vero,
924 2792 964 2845 ut
979 2783 1061 2846 tanti
1083 2782 1184 2866 patris
1199 2784 1293 2848 decet

236 2885 331 2962 filios,
351 2884 523 2971 praeceptis
548 2885 743 2962 insistentes,
769 2884 865 2948 hoca
881 2885 972 2948 vobis
986 2885 1156 2968 exigimus.
1203 2885 1293 2952 Quia

236 2987 338 3072 igitur
352 2998 466 3052 vestrae
480 3010 547 3052 non
561 2987 669 3072 placet
682 2987 835 3050 minervae
852 2996 891 3050 ut
913 2988 1007 3052 nobis
1026 2988 1115 3072 quod
1130 2987 1292 3072 exigimus

237 3087 434 3174 perficiatur,
463 3113 522 3153 nos
551 3089 613 3153 hoc
642 3090 678 3152 in
706 3089 851 3152 medium
879 3090 1105 3174 relinquimus,
1136 3101 1169 3154 et
1205 3091 1291 3178 patri

237 3201 347 3254 nostro
363 3191 470 3255 omnia
494 3191 613 3255 litteris
637 3191 757 3254 nostris
772 3201 805 3254 et
819 3191 935 3254 nuntio
949 3193 1218 3271 renuntiabimus,
1234 3217 1293 3257 ex·

237 3302 403 3378 pectantes
428 3315 526 3378 super
545 3293 607 3356 hoc
622 3294 692 3377 ejus
705 3293 979 3377 rescriptionem.’'

284 3394 358 3459 Hoc
379 3395 476 3472 dicto,
499 3394 635 3478 singulis
656 3395 797 3472 dissone,
814 3417 880 3458 non
899 3395 1020 3480 absque
1035 3395 1186 3482 strepitu,
1207 3417 1294 3458 mur·

239 3519 330 3562 mure
364 3498 441 3562 huic
473 3497 731 3575 mussitantibus,
764 3497 978 3562 excutiuntur
1014 3498 1154 3577 sedibus
1184 3498 1294 3582 sicque

239 3600 346 3666 soluta
360 3599 514 3666 concione
538 3599 605 3664 suis
626 3599 748 3684 quique
773 3599 905 3684 agendis
925 3623 1055 3686 operam
1076 3601 1293 3685 accommoda·

239 3724 324 3767 vere.
370 3702 483 3767 Abbas
498 3725 604 3766 coram
624 3702 723 3766 altare
744 3712 862 3766 sanctae
884 3702 1052 3767 Trinitatis
1074 3704 1194 3768 ibidem
1209 3703 1295 3768 facta

239 3805 382 3868 oratione
403 3815 437 3868 et
456 3816 575 3869 sanctae
590 3805 692 3868 crucis
711 3806 857 3868 munitus
878 3805 1053 3890 signaculo,
1075 3828 1151 3870 cum
1172 3807 1239 3870 suis
1254 3806 1295 3870 ad

238 3906 370 3991 propria
382 3929 528 3970 reversus
550 3918 608 3972 est.
655 3907 826 3992 Reputans
840 3907 942 3991 igitur
957 3918 991 3971 et
1013 3908 1048 3970 in
1072 3930 1105 3970 se
1128 3908 1225 3971 abbas
1244 3929 1295 3970 re-

239 4009 383 4094 cogitans
407 4009 495 4092 quod
509 4008 548 4071 de
563 4008 614 4072 his
635 4008 699 4072 nisi
718 4009 818 4093 regali
841 4008 1120 4072 determinatione¹
1142 4007 1297 4072 finis'non

276 4168 285 4201 ¹
299 4167 367 4221 This
377 4163 476 4219 formed
484 4166 529 4219 the
539 4165 646 4218 seventh
657 4174 743 4219 enact-
795 4165 876 4218 under
888 4182 921 4218 an
933 4163 1063 4232 interdict,
1076 4163 1185 4218 without
1195 4165 1297 4218 consul-

241 4247 312 4290 ment
328 4237 411 4290 ofthe
424 4235 533 4289 Oouncil
546 4245 572 4288 at
586 4235 744 4300 Clarendom
794 4235 876 4288 tation
905 4235 983 4305 being
1006 4234 1063 4287 first
1080 4234 1132 4288 had
1162 4233 1224 4289 with
1251 4235 1296 4289 the

241 4307 297 4361 that
315 4325 349 4360 no
362 4325 411 4360 one
423 4307 480 4359 who
499 4305 561 4360 held
573 4306 601 4358 of
617 4306 661 4358 the
675 4305 746 4376 King
790 4305 875 4375 ¹King.

241 4378 269 4432 in
282 4378 373 4447 capite,
392 4395 438 4430 nor
451 4395 502 4448 any
515 4376 745 4444 ofhisministers,
831 4374 892 4429 Add
917 4384 945 4428 to
974 4373 1027 4428 this
1055 4374 1100 4428 the
1128 4375 1295 4458 “Inquisitio

242 4447 335 4501 should
353 4449 386 4503 be
405 4445 647 4503 excommunicated
659 4455 745 4518 orput
795 4446 827 4500 de
844 4445 947 4514 juribus
966 4463 1024 4517 quae
1042 4463 1114 4517 reges
1127 4447 1230 4516 Anghae
1250 4446 1296 4498 ha-

1147 4551 1164 4585 o
1176 4535 1193 4584 2
1352 4533 1353 4536 ’
