3278 5162
328 517 369 593 56
630 537 797 588 maroam
820 538 1071 596 runnrrrorus

324 682 466 748 martiris
493 683 612 747 ibidem
643 686 810 750 fundatam
837 689 1002 772 praedictae
1031 691 1175 754 ecclesiae
1212 693 1256 760 de,
1290 691 1383 756 Bello

329 783 468 847 donavit.
515 785 647 849 Terram
662 810 792 871 quoque
808 812 873 852 non
888 791 1001 874 procul
1021 792 1191 876 sepositam
1208 815 1282 876 quae
1299 792 1384 854 Pen-

330 887 404 949 tewi
427 897 568 964 vocatur,
593 889 671 971 quia
704 891 917 955 necessarium
942 893 1010 956 fore
1037 894 1205 957 videbatur
1229 917 1268 958 eo
1297 895 1384 979 quod

330 987 453 1071 optimo
474 989 679 1053 'habundaret
711 991 874 1056 frumento
903 994 1006 1056 eidem
1039 995 1184 1074 adauxit,
1216 997 1383 1080 multaque

330 1089 488 1164 instantia,
505 1092 668 1156 ecclesiam
691 1095 730 1157 de
753 1094 847 1158 Bello
869 1119 943 1160 cum
965 1097 1031 1160 suis
1053 1099 1291 1181 pertinentibus
1311 1121 1384 1182 per·

329 1191 439 1257 coluit.

374 1297 462 1364 Quia
475 1321 550 1361 vero
565 1310 603 1362 ut
617 1299 711 1383 longe
726 1321 823 1384 supra
836 1301 1055 1365 meminimus1
1079 1303 1223 1387 ejusdem
1244 1301 1329 1365 villae
1345 1302 1385 1365 de

226 1467 260 1507 ,on
296 1478 317 1506 m
331 1397 424 1462 Bello
438 1399 654 1482 parrochianis
668 1400 703 1462 in
717 1400 849 1464 ecclesia
862 1402 949 1472 beati
965 1383 1102 1465 Martini
1125 1401 1229 1466 omnia
1255 1423 1329 1485 quae
1344 1404 1385 1465 ad

167 1479 238 1606 2:3¹ch
261 1567 295 1606 'on
332 1495 609 1564 Christianitatem
634 1501 840 1586 pertinebant
863 1503 966 1586 primo
993 1503 1172 1588 antiquitus
1196 1504 1383 1586 agebantur,

330 1611 365 1663 et
375 1622 439 1663 non
451 1602 555 1666 multo
565 1614 639 1686 post
648 1615 792 1688 tempore
802 1627 840 1666 eo
853 1605 940 1688 quod
955 1604 1117 1668 monachis
1131 1604 1207 1667 hinc
1219 1604 1385 1688 inquietu-

199 1743 204 1754 ·
229 1728 274 1805 eurr
285 1730 302 1765 ι,
331 1702 414 1765 dinis
429 1726 544 1782 causae,
558 1727 637 1787 quas
651 1705 773 1788 absque
790 1705 909 1768 ordinis
923 1706 1095 1770 violatione
1110 1706 1179 1790 pati
1193 1707 1383 1790 nequibant,

331 1805 530 1882 oriebantur,
553 1807 716 1868 communi
750 1829 880 1877 assensu
912 1818 1005 1870 extra
1032 1829 1197 1878 murorum
1227 1807 1385 1872 ambitum

314 1905 315 1908 ’
332 1905 487 1990 capellam
501 1906 535 1968 in
549 1907 654 1970 beatae
670 1908 734 1970 Dei
757 1908 922 1992 genitricis
937 1909 1054 1978 Mariae
1077 1909 1242 1986 honorem,
1266 1909 1301 1971 in
1321 1932 1385 1993 qua

331 2007 549 2092 parrochianis
563 2009 721 2094 presbiter
731 2011 829 2094 juxta
842 2011 975 2074 modum
990 2010 1183 2074 conditionis
1207 2011 1246 2080 ab
1268 2011 1384 2073 abbate

331 2109 382 2171 vel
404 2109 556 2174 iratribus
580 2113 770 2196 dispositum
795 2111 979 2188 deserviret,
1003 2123 1226 2182 extruxerant.
1274 2111 1385 2178 Quen,

333 2235 430 2295 quam
445 2236 520 2276 vero
542 2213 629 2276 idem
649 2212 879 2276 monasterium
897 2213 999 2276 sancti
1014 2213 1162 2290 Martini,
1178 2213 1265 2276 omni
1280 2213 1385 2296 digni-

332 2326 436 2378 tatum
459 2315 509 2378 vel
534 2316 722 2379 libertatum
746 2326 785 2378 ut
810 2315 938 2400 praefati
962 2339 1072 2380 sumus
1095 2316 1263 2400 privilegio
1286 2315 1385 2398 insig-

332 2415 467 2502 niretur,
483 2416 594 2478 multis
609 2426 716 2489 tamen
741 2417 842 2480 modis
863 2417 1060 2502 episcopales
1082 2418 1223 2489 maxime
1246 2417 1385 2480 ministri

334 2516 534 2580 occasionum
566 2528 747 2602 quaerentes
777 2518 934 2596 fomitem,
967 2518 1199 2582 dissimulando
1226 2519 1278 2582 vel
1310 2541 1385 2583 cau-

331 2620 440 2696 sando,
457 2619 574 2698 oleum,
590 2620 642 2682 vel
656 2607 779 2699 crisma,
795 2621 922 2708 aliaque
942 2621 982 2684 ad
998 2620 1271 2684 Christianitatem
1285 2620 1385 2704 perti-

331 2721 453 2798 nentia,
480 2721 633 2784 dilatioue
666 2723 901 2799 subtrahentes,
928 2722 1043 2806 hisque
1066 2732 1100 2784 et
1126 2721 1245 2784 talibus
1271 2721 1385 2784 fratres

332 2824 452 2907 saepius
467 2825 566 2888 taedio
580 2834 744 2902 vexantes,
762 2825 869 2888 locum
888 2824 1031 2888 ancillari
1047 2823 1273 2888 moliebantur.
1320 2821 1385 2889 Sed

331 2925 401 2987 haec
417 2926 618 2989 considerans
632 2927 730 2990 abbas
746 2926 919 3004 Radulfus,
935 2926 1135 3010 provideque
1151 2927 1229 3009 quid
1251 2924 1386 3008 expedi-

332 3037 383 3088 ret
397 3048 469 3089 cum
485 3027 715 3108 suistractanS,
734 3029 821 3111 apud
845 3027 1057 3091 venerabilem
1074 3027 1238 3090 Cicestriae
1264 3046 1385 3110 praesu·
1470 3091 1474 3096 ,

332 3127 396 3190 lem
420 3127 610 3207 Radulfum,
636 3129 693 3213 qui
714 3130 851 3194 eundem
871 3129 978 3193 locum
994 3129 1098 3192 multo
1121 3151 1246 3212 semper
1267 3129 1386 3192 affectu

333 3233 414 3294 fovit
443 3242 477 3294 et
509 3231 641 3309 extulit,
673 3231 771 3317 hujus
809 3233 857 3294 rei
889 3231 1122 3315 querimoniam
1154 3230 1275 3294 absolvi
1305 3229 1385 3292 utile

329 3335 496 3419 judicavit.
543 3334 641 3398 Facta
655 3333 756 3418 igitur
769 3335 867 3418 hujus
883 3353 987 3396 causae
1002 3332 1165 3409 concione,
1182 3331 1297 3394 abbate
1313 3353 1386 3393 cum

332 3439 496 3502 monachis
511 3437 674 3520 aliquibus
697 3435 885 3499 Cicestriam
899 3436 1049 3512 adeunte,
1065 3455 1170 3497 coram
1182 3433 1279 3517 pleno
1301 3433 1386 3516 ejus-

332 3542 406 3603 dem
432 3541 575 3603 ecclesiae
601 3537 742 3622 capitulo
768 3538 828 3600 hac
854 3559 948 3600 causa
972 3535 1137 3612 ventilata,
1163 3535 1203 3598 ab
1237 3533 1386 3617 episcopo

333 3643 556 3707 confirmatum
571 3650 620 3702 est
634 3638 795 3702 communi
810 3660 950 3715 assensu,
966 3647 1004 3699 ut
1026 3637 1110 3699 sicut
1130 3635 1265 3697 ecclesia
1286 3633 1386 3696 sancti

334 3741 470 3806 Martini
495 3741 534 3804 de
561 3739 665 3816 Bello,
693 3747 733 3800 et.
751 3737 873 3820 capella
906 3761 1035 3822 quoque
1058 3748 1177 3801 sanctae
1204 3735 1321 3798 Mariae
1347 3735 1386 3798 de

333 3845 443 3908 eadem
457 3842 544 3918 villa,
559 3841 660 3904 libera
674 3848 708 3901 et
723 3838 834 3922 quieta
849 3837 939 3900 sitin
953 3848 1158 3922 perpetuum,
1176 3838 1215 3900 de
1239 3836 1387 3899 omnibus

254 3942 256 3946 ⁵
276 3943 278 3946 ⁵
332 3944 619 4014 consuetudinibus
634 3951 667 4004 et
689 3938 901 4002 forisfacturis
924 3939 1170 4022 episcopalibus
1187 3949 1221 4001 et
1235 3938 1274 4000 de
1290 3938 1386 4000 dena-

332 4048 388 4112 riis
406 4047 469 4110 elei
485 4058 519 4110 et
536 4043 659 4130 synodi.
706 4040 868 4104 Presbiter
882 4063 957 4102 vero
972 4039 1060 4104 illius
1082 4040 1213 4125 capellae
1229 4040 1387 4122 synodum

332 4151 371 4212 ad
386 4147 579 4233 episcopalia
593 4155 720 4209 tantum
734 4154 896 4228 praecepta
908 4142 1065 4205 audienda
1080 4142 1184 4219 adeat,
1195 4163 1253 4202 nec
1266 4139 1388 4202 ibidem

325 4275 390 4336 xpro
413 4251 522 4334 aliqua
547 4248 641 4331 culpa
663 4245 823 4330 judicium
848 4244 969 4308 subeat.
1022 4243 1075 4306 Ad
1101 4243 1289 4305 clericorum
1311 4262 1386 4302 vero

765 4367 782 4409 Γ
793 4377 841 4427 See
854 4393 879 4445 p.
892 4376 934 4429 27.
