3278 5162
555 589 777 646 nornsrnnn
799 595 850 644 nn
875 595 1001 645 nunno.
1259 581 1299 644 59

247 765 313 807 non
339 743 391 808 sit.
451 745 507 808 Ad
540 744 667 828 singula
691 743 778 807 enim
803 743 976 821 recitanda,
1004 742 1113 807 nullus
1140 745 1303 808 sufficeret

247 867 362 908 sermo.
407 845 535 930 Jugiter
548 846 659 929 itaque
675 845 877 908 subditorum
892 843 1045 928 praelatus
1068 844 1151 908 inibi
1173 845 1303 909 servivit

247 946 401 1024 moribus,
427 946 510 1009 nulli
534 946 703 1031 imperavit
729 955 768 1008 ut
792 946 951 1010 dominus.
1008 945 1139 1008 Infima
1165 945 1302 1009 aliorum

248 1048 414 1126 sustinuit,
430 1049 471 1110 ad
495 1048 593 1112 fortia
614 1047 807 1132 provocavit.
854 1047 947 1110 Fecit
971 1047 1040 1132 ipse
1066 1047 1154 1130 quod
1178 1047 1300 1125 docuit,

250 1149 318 1212 vita
332 1149 508 1213 doctrinam
529 1148 695 1234 praevenit.
724 1147 897 1210 Divinum
923 1149 964 1211 ad
989 1149 1129 1211 officium
1149 1148 1303 1212 festinan-

251 1251 329 1313 dum
344 1251 488 1328 docebat,
504 1260 592 1314 artus
607 1249 722 1312 seniles
738 1249 853 1312 baculo
875 1259 1057 1314 sustentans
1075 1254 1211 1338 juvenes
1233 1253 1303 1337 ipse

249 1352 462 1437 praecedebat.
518 1351 646 1415 Primus
682 1351 779 1414 choro
815 1351 934 1429 aderat,
963 1363 1145 1435 postremus
1181 1354 1302 1418 aberat.

251 1453 330 1516 Fuit
352 1475 428 1536 ergo
451 1452 528 1516 vitae
554 1475 676 1530 norma,
697 1452 764 1515 fuit
779 1451 911 1515 Martha
932 1463 966 1516 et
981 1453 1096 1519 Maria.
1135 1455 1215 1518 Fuit
1240 1479 1305 1518 ser-

250 1579 331 1642 pens
360 1567 394 1621 et
423 1556 581 1634 columba,
609 1557 675 1620 fuit
705 1556 778 1619 Noe
807 1556 891 1619 inter
919 1557 1032 1621 undas.
1077 1556 1155 1620 Non
1191 1567 1305 1641 sponte

252 1680 383 1722 corvum
401 1657 518 1736 amisit,
535 1667 651 1742 sponte
668 1657 853 1721 columbam
878 1657 1017 1720 admisit.
1065 1657 1169 1720 Rexit
1186 1658 1306 1722 munda

253 1769 287 1823 et
300 1759 476 1836 immunda,
491 1769 596 1823 rector
610 1759 752 1843 prudens
767 1759 808 1821 ad
823 1758 956 1822 diversa.
1003 1758 1105 1822 Cham
1127 1759 1217 1822 novit
1232 1782 1306 1843 per-

252 1861 347 1938 ferre,
366 1861 440 1924 Sem
456 1870 490 1924 et
504 1861 623 1945 Japhet
638 1860 863 1924 benedictione
878 1861 1006 1925 donare.
1052 1861 1171 1924 Factus
1194 1872 1244 1924 est
1258 1861 1307 1925 vir

252 1963 399 2046 agricola,
415 1972 516 2025 terras
535 1963 661 2026 habitas
675 1962 833 2025 instanter
856 1963 918 2025 coli
941 1961 1071 2040 faciens,
1097 1985 1163 2026 non
1180 1963 1306 2027 habitas

252 2062 373 2126 habitis
393 2063 570 2148 prudenter
593 2064 780 2148 adjungens,
808 2061 1023 2147 quantitatem
1042 2065 1186 2147 adusque
1208 2066 1306 2149 pretii

252 2163 406 2227 librarum
420 2185 479 2248 per
494 2155 621 2228 annum
636 2163 710 2248 plus
732 2163 839 2226 minus
863 2161 978 2248 viginti
1001 2187 1053 2227 eas
1077 2165 1305 2251 multiplicans

254 2265 372 2328 Factus
396 2275 446 2328 est
469 2275 503 2328 et
525 2265 701 2350 spiritualis
717 2265 855 2349 agricola
869 2287 996 2329 vomere
1012 2266 1167 2331 doetrinae
1188 2269 1307 2332 multo-

252 2387 324 2429 rum
341 2389 422 2450 quos
437 2365 566 2451 scripsit
577 2367 733 2430 librorum
748 2366 844 2429 corda
857 2376 984 2430 terrena
997 2369 1159 2448 excolens,
1175 2371 1216 2434 ad
1229 2371 1307 2434 boni

253 2467 358 2552 operis
380 2467 507 2552 frugem
530 2468 647 2531 humili
671 2469 802 2552 quidem
826 2469 912 2547 stilo,
927 2470 981 2534 sed
1008 2493 1104 2534 sensu
1117 2472 1308 2536 moralitatis

253 2569 407 2632 foecundo
430 2591 468 2632 ea
492 2591 617 2634 vocans
672 2569 790 2632 Daniel
816 2591 947 2653 quoque
969 2570 1114 2635 ciborum
1139 2575 1306 2656 parcitate,

253 2671 317 2734 Job
343 2669 485 2754 corporis
507 2671 666 2755 passione,
691 2669 939 2734 Bartholomeus
972 2694 1117 2754 genuum
1145 2675 1306 2752 flectione,

254 2774 385 2836 flectens
411 2793 450 2833 ea
474 2771 650 2857 saepissime
676 2771 806 2848 orand0,
834 2791 908 2856 quae
937 2771 994 2836 vix
1019 2774 1148 2836 flectere
1181 2785 1309 2859 poterat

255 2873 442 2936 incedendo.
488 2871 615 2936 Diebus
635 2873 769 2958 singulis
792 2873 981 2958 psalterium
1001 2896 1044 2938 ex
1067 2875 1178 2938 ordine
1202 2886 1307 2941 totum

254 2977 437 3052 decantem,
452 2973 509 3037 vix
523 2975 631 3038 triduo
646 2986 720 3039 ante
735 2985 872 3039 mortem
886 2999 905 3038 a
919 2975 977 3038 tali
997 2999 1141 3060 genuum
1166 2978 1307 3042 flexione

254 3077 306 3140 vel
321 3077 516 3161 psalmorum
540 3077 772 3140 consuetudine
796 3099 930 3140 cessans·
976 3076 1053 3140 Non
1077 3079 1178 3142 nimia
1199 3081 1306 3158 tussis,

255 3201 320 3240 non
343 3177 483 3241 vomitus
497 3177 672 3259 sanguinis,
699 3200 764 3240 non
790 3187 867 3240 aetas
887 3177 1006 3255 senilis,
1030 3201 1096 3242 non
1110 3181 1195 3264 pelle
1213 3192 1307 3245 tenus

257 3277 438 3342 attenuatio
455 3277 557 3339 carnis
579 3277 684 3340 virum
706 3279 862 3360 frangere,
887 3301 952 3341 non
975 3301 994 3341 a
1019 3280 1185 3364 proposito
1207 3291 1307 3345 tantae

256 3377 422 3462 religionis
436 3398 579 3460 unquam
593 3377 765 3440 valuerunt
778 3377 952 3440 inflectere.
996 3378 1081 3441 Eece
1104 3390 1213 3443 autern
1234 3393 1309 3466 post
1319 3385 1360 3476 ἒξ
1370 3385 1440 3480 iffi·

257 3479 378 3543 multos
392 3501 519 3562 agones,
535 3489 610 3562 post
623 3478 740 3542 multas
762 3477 903 3562 corporis
925 3478 1097 3562 passiones,
1112 3491 1186 3564 post
1209 3505 1309 3546 annos
1353 3448 1374 3487 δ’

257 3582 334 3646 vitae
360 3604 428 3644 suae
453 3580 617 3664 octoginta
630 3580 715 3658 iiii⁰²,
731 3579 939 3643 monachatus
960 3591 1069 3667 autem
1091 3578 1160 3662 lx¹⁸,
1182 3594 1216 3648 et
1241 3586 1309 3650 dies

258 3684 355 3746 xxntl
374 3683 428 3763 vi,
444 3683 554 3746 decern
568 3705 643 3746 vero
667 3705 766 3746 annos
784 3691 819 3745 et
838 3693 972 3766 septem,
988 3683 1121 3768 diesque
1135 3685 1251 3770 viginti
1265 3711 1309 3752 ex

259 3807 325 3868 quo
340 3784 499 3847 Bellensis
521 3785 661 3848 effloruit
675 3786 792 3863 abbas;
818 3806 900 3862 ecee,
917 3785 1059 3868 inquam,
1082 3785 1141 3850 1111.
1157 3788 1311 3852 kalendas

261 3886 472 3969 Septembris,
493 3887 574 3949 hora
588 3887 651 3950 diei
665 3887 857 3972 vespertina,
874 3909 948 3948 cum
967 3889 1036 3971 jam
1051 3889 1091 3950 ad
1105 3889 1213 3952 diurni
1228 3913 1313 3953 mer·

260 3987 372 4050 cedem
387 3986 508 4048 denarii
532 3986 766 4050 Patrefamilias
786 3988 923 4071 jubente
938 3998 1117 4066 vocaretur,
1139 4000 1232 4072 pater
1252 3991 1314 4054 iste

261 4087 346 4172 piuS,
363 4085 476 4164 dulcis,
489 4097 522 4149 et
536 4086 678 4164 humilis,
694 4087 772 4150 dum
795 4087 915 4150 lectulo
942 4087 1103 4151 decubans
1126 4089 1182 4151 vili
1208 4092 1314 4154 cibum

260 4210 433 4273 perparum
447 4197 617 4270 gustasset,
634 4190 711 4251 dum
727 4188 863 4251 fratrum
878 4187 1068 4271 quibusdam
1084 4190 1198 4254 devote
1218 4193 1316 4256 bene·

262 4290 409 4366 dixisset,
437 4290 513 4352 dum
538 4289 608 4351 aliis
634 4299 672 4352 ut
694 4289 735 4352 ad
759 4312 791 4351 se
807 4289 922 4352 'venire
947 4290 1101 4353 deberent
1124 4293 1315 4373 mandasset,

262 4391 426 4474 sanguinis
440 4402 573 4476 repente
589 4391 728 4455 vomitus
754 4389 827 4474 plus
850 4390 945 4454 solito
969 4391 1099 4472 ninriuS,
1125 4405 1158 4457 et
1172 4397 1262 4458 velut
1283 4395 1318 4458 in
