3278 5162
544 565 766 621 uoutsrnnn
788 567 838 619 DE
859 567 990 619 BELLOJ
1248 555 1290 620 99

235 716 518 803 archiepiscopus:
545 717 709 784 “Verum
732 729 792 797 est,
815 718 909 782 illum
923 739 976 781 me
990 715 1201 802 praecipiente
1220 717 1292 782 haec

236 819 367 884 effectui
392 820 621 905 mancipasse.”
666 825 688 857 “
705 820 806 888 Quod
819 819 1019 906 parrochiam
1032 815 1201 896 vestram,”
1217 840 1291 882 can-

236 922 385 986 cellarius
409 922 530 1006 inquit,
555 926 577 959 “
592 933 632 988 ut
661 923 904 988 consuetudinis
935 921 1075 986 habetur
1100 921 1292 985 circumiens

238 1023 369 1088 Bellum
393 1025 533 1110 petistis,
560 1036 659 1110 atque
685 1049 704 1090 a
726 1025 882 1089 fratribus
895 1023 959 1088 loci
974 1023 1064 1087 illius
1078 1024 1194 1088 abbate
1208 1045 1293 1108 11111-

238 1136 329 1189 sente
351 1126 629 1211 processionaliter
652 1137 822 1212 susceptus
848 1125 1016 1204 extitistis,
1042 1125 1184 1211 indeque
1207 1124 1294 1210 capi·

238 1227 344 1291 tulum
367 1251 479 1292 eorum
499 1229 621 1294 intrans
635 1230 770 1294 verbum
781 1229 846 1292 Dei
860 1229 925 1292 illis
940 1228 1129 1305 seminastis,
1146 1227 1294 1291 omnibus

238 1329 324 1393 ultra
353 1331 499 1414 citraque
527 1353 615 1394 mare
649 1331 866 1395 existentibus
899 1329 1053 1407 ecclesiis,
1088 1328 1296 1393 consuetudi-

238 1432 365 1495 narium
395 1454 465 1495 esse
497 1433 688 1510 dinoscitur,
712 1433 863 1518 episcopo
879 1431 1090 1495 Hiberniensi
1117 1431 1170 1495 vel
1198 1430 1297 1493 etiam

239 1531 438 1619 Hispalensi,
462 1535 515 1598 vel
538 1535 675 1599 cuilibet
698 1534 766 1612 alii,
792 1534 880 1597 hunc
907 1533 1075 1618 dignitatis
1098 1543 1133 1596 et
1154 1531 1296 1597 caritatis

236 1635 402 1713 honorem,
443 1637 565 1720 absque
603 1637 672 1700 ulla
699 1635 942 1701 consuetudinis
983 1634 1166 1713 exactione,
1196 1633 1296 1718 gratis

237 1739 413 1823 inpendere
427 1737 556 1801 licitum
569 1739 650 1803 fore.

282 1845 304 1876 “
316 1839 369 1903 De
384 1839 571 1924 episcopatu
585 1863 661 1904 vero
685 1832 869 1906 Lundoniae
889 1839 951 1904 hoc
965 1847 1081 1904 vestrae
1095 1839 1194 1902 abbas
1218 1837 1296 1902 inti-

238 1964 325 2006 mare
339 1951 492 2027 procurat
505 1942 700 2026 prudentiae,
717 1941 806 2026 quod
819 1963 878 2005 nec
892 1942 997 2019 vultu,
1013 1961 1121 2025 neque
1137 1949 1223 2018 actu,
1236 1961 1296 2003 nec

240 2043 339 2107 etiam
356 2051 442 2107 nutu
455 2043 565 2127 aliquo
579 2043 670 2107 vobis
686 2043 861 2128 quicquam
874 2064 934 2128 pro
949 2043 1007 2106 illo
1022 2043 1201 2124 eodemque
1228 2040 1297 2124 epi-

240 2155 373 2230 scopatu
387 2144 581 2222 Lundoniae,
599 2144 722 2208 scilicet
736 2143 978 2227 significationis
993 2142 1171 2220 contrariae,
1192 2141 1298 2226 inges-

240 2247 293 2310 sit.
340 2247 475 2331 Quippe
490 2269 563 2310 cum
587 2246 622 2311 in
646 2246 734 2310 illius
755 2245 965 2330 dispositione
980 2245 1104 2328 negotii
1123 2243 1172 2307 nil
1186 2253 1298 2308 contra

240 2370 274 2410 se
289 2370 308 2410 a
322 2347 416 2412 vobis
431 2347 508 2411 mali
522 2347 704 2433 suspicatus
718 2347 829 2412 fuerit.
876 2346 944 2410 Sed
957 2356 997 2410 ut
1011 2347 1152 2430 quodam
1165 2345 1202 2409 in
1224 2345 1297 2410 loco

241 2448 363 2513 dictum
388 2459 448 2528 est,
476 2449 622 2513 conscius
641 2449 711 2534 ipse
735 2449 798 2514 sibi
812 2449 921 2513 omnia
936 2458 1033 2533 putat
1047 2447 1207 2513 contraria
1223 2448 1296 2527 sibi,

240 2573 349 2636 prore
365 2551 497 2635 quidem
511 2573 531 2614 a
543 2551 636 2615 vobis
649 2560 740 2634 gesta
762 2551 965 2614 remordente
978 2551 1119 2614 fortuitu
1133 2549 1298 2614 conscicn-

240 2653 298 2730 tia,
324 2652 419 2716 illum
437 2652 575 2737 simplici
598 2652 694 2717 vultu
717 2651 918 2736 gradientem
941 2671 1110 2735 nunquam
1131 2662 1221 2714 recto
1241 2672 1298 2714 vos

240 2751 365 2818 lumine
381 2754 558 2838 sperabatis
571 2753 694 2818 intueri
708 2753 864 2839 potuisse.

285 2855 417 2922 “Quod
427 2855 521 2920 illum
530 2856 690 2942 synodum
704 2856 792 2940 apud
800 2853 990 2920 Cicestriam
998 2863 1110 2939 petere
1123 2853 1298 2917 summoni-

242 2966 314 3021 tum
336 2981 396 3022 nec
410 2957 595 3023 venientem
616 2958 825 3023 interdictum
840 2956 965 3021 avobis
978 2956 1176 3034 insinuastis,
1201 2965 1235 3019 et
1255 2956 1297 3019 ob

241 3057 323 3122 hanc
338 3082 466 3123 causam
488 3081 597 3144 regem
622 3059 824 3144 Stephanum
845 3081 905 3144 per
918 3057 1118 3122 Rotbertum
1138 3057 1297 3122 (1600111-

243 3161 347 3225 uuilla
361 3161 513 3224 clericum
537 3183 632 3224 suum
646 3162 738 3224 vobis
752 3184 859 3224 coram
881 3160 939 3222 illo
959 3160 1029 3224 haec
1052 3161 1298 3224 determinanda

243 3262 331 3325 diem
353 3261 545 3347 praefixisse,
569 3284 690 3345 vosque
715 3261 837 3326 ibidem
865 3260 957 3324 nullo
984 3283 1028 3323 ex
1055 3270 1147 3344 parte
1172 3260 1298 3324 abbatis

242 3363 334 3428 vobis
358 3363 455 3428 obvio
478 3363 674 3441 convenisse,
706 3362 818 3446 sicque
845 3361 922 3425 inde
947 3362 1124 3440 recessisse,
1150 3363 1249 3427 abbas
1278 3386 1297 3427 e

243 3460 404 3526 contrario
429 3461 540 3540 refert,
556 3485 590 3527 se
604 3462 728 3526 scilicet
742 3483 848 3526 coram
871 3483 947 3545 rege
963 3461 1130 3547 Stephano
1154 3464 1207 3527 die
1234 3473 1298 3527 stas
1330 3480 1332 3485 ·

243 3573 316 3628 tuta
329 3565 546 3650 praesentibus
561 3564 719 3650 episcopis
730 3563 953 3628 Wintoniensi
967 3564 1090 3629 scilicet
1104 3574 1138 3628 61
1149 3564 1299 3630 Heliensi

242 3689 368 3737 necnon
397 3677 432 3732 et
460 3668 576 3732 abbate
609 3665 899 3744 Westmonasterii,
932 3675 966 3731 et
992 3667 1091 3732 etiam
1123 3667 1299 3732 baronibus

243 3768 413 3833 nonnullis·
422 3769 458 3832 in
472 3769 595 3855 capella
606 3770 751 3855 ejusdem
765 3768 850 3853 regis
865 3770 966 3854 juxta
978 3779 1102 3834 turrem
1116 3769 1298 3833 Lundoniae

245 3869 308 3932 sita
339 3870 537 3947 convenisse,
570 3879 668 3955 atque
703 3871 750 3934 ibi
776 3893 795 3934 a
820 3870 995 3934 venerabili
1024 3871 1206 3934 Wiutoniae
1231 3871 1300 3954 epi-

244 3991 341 4054 scopo
350 3969 446 4033 cartis
455 3971 630 4056 etsoriptis
645 3993 713 4035 suae
729 3970 873 4034 ecclesiae
885 3971 1046 4055 perlectis,
1061 3993 1137 4055 rege
1152 3971 1215 4035 sibi
1226 3994 1300 4055 sug-

244 4082 388 4158 gerente,
412 4093 446 4135 se
460 4071 591 4156 capell‘ae
607 4094 687 4150 suae,
712 4072 852 4136 abbatiae
867 4071 991 4135 scilicet
1004 4071 1044 4135 dc
1056 4070 1162 4150 Bello,
1175 4071 1300 4156 ubique

244 4184 460 4260 protectorem
488 4173 569 4252 fore,
598 4195 720 4256 vosque
758 4195 855 4258 super
882 4173 944 4237 hoc
982 4172 1164 4251 convenire,
1201 4184 1301 4258 atque

246 4278 354 4342 omnia
378 4277 465 4340 inter
491 4297 548 4340 vos
573 4274 754 4360 pacificare,
781 4275 822 4339 ad
841 4275 973 4362 propria
994 4274 1067 4362 ipso
1092 4275 1303 4362 praecipiente

246 4401 392 4444 reversus
406 4389 466 4444 est.

1151 4479 1200 4529 u2
