3260 5172
345 521 386 583 26
646 533 816 584 nrsromn
838 506 1084 584 Fununnoius

342 687 426 770 regis
442 686 606 770 capellam,
631 708 690 748 nec
716 686 750 747 in
774 709 821 762 ea,
844 685 895 748 vel
918 685 952 746 in
976 684 1063 746 omni
1088 684 1285 768 possessione
1312 687 1393 769 ejuS,

341 789 513 873 quisquam
528 787 651 872 aliquid
666 787 852 850 calumniari
867 773 978 870 possit,
990 786 1053 848 nisi
1067 786 1167 869 gratis
1182 795 1216 848 et
1230 785 1394 850 caritative

341 889 568 974 impendatur.¹

384 990 506 1054 Abbati
521 990 618 1054 etiam
642 1011 715 1052 cum
739 989 861 1053 curiam
886 989 1000 1066 adiret,
1027 988 1252 1052 liberationem
1274 988 1391 1052 habere

339 1092 518 1157 constituit.

383 1193 536 1277 Hospitio
551 1214 681 1277 quoque
703 1193 791 1278 apud
806 1193 1009 1257 Lundoniam
1031 1203 1064 1256 et
1079 1192 1282 1256 Wintoniam
1304 1191 1390 1256 dele-

338 1279 436 1363 gavit.

177 1407 309 1467 nncnpuo
382 1379 510 1444 Abbate
523 1380 624 1464 igitur
641 1380 837 1458 Gausbcrto,
854 1391 888 1444 et
902 1381 1000 1464 regiae
1016 1377 1191 1466 majestatis
1200 1380 1387 1458 reverentia,

175 1458 284 1566 iiiiodif
339 1491 372 1544 et
394 1483 524 1567 propria
548 1483 730 1566 prudentia,
755 1483 931 1566 plurimum
956 1506 1061 1547 coram
1083 1483 1174 1566 regni
1196 1483 1390 1567 primoribus

175 1557 300 1600 cmm
337 1584 467 1648 honoris
486 1585 593 1648 locum
612 1585 791 1668 optinente,
808 1585 950 1670 episcopi
963 1596 1070 1648 tamen
1086 1586 1249 1649 Cicestriae
1270 1586 1389 1668 saepius

337 1686 542 1750 infestatione
574 1688 761 1749 vexabatur.
829 1685 940 1770 Ipsum
977 1711 1093 1772 nempe
1125 1687 1272 1750 sinodum
1303 1688 1389 1771 apud

339 1787 524 1851 Cicestriam
545 1787 632 1850 adire
656 1789 889 1866 summonebat,
917 1789 1078 1853 abbatiam
1110 1789 1201 1873 quasi
1228 1790 1268 1852 ad
1297 1811 1387 1852 suam

336 1889 488 1952 diocesim
499 1888 715 1974 pertinentem
729 1889 878 1974 plurimis
889 1889 1057 1954 calumniis
1070 1891 1250 1976 opprimere
1263 1912 1388 1976 quaere-

335 1993 401 2070 bat,
418 2003 455 2056 ut
470 1993 592 2056 scilicet
617 1993 652 2056 in
678 2015 715 2056 ea
729 1993 780 2056 vel
803 1993 838 2056 in
852 1994 912 2072 his,
930 2017 1004 2078 quae
1031 1994 1120 2056 illius
1137 2005 1239 2072 erant,
1255 1995 1316 2058 sibi
1331 2004 1388 2058 aut

335 2093 476 2158 ecclesiae
506 2115 573 2158 suae
606 2094 712 2158 aditus
734 2095 919 2158 dominandi
953 2095 1070 2180 aliquis
1106 2106 1242 2180 pateret.
1289 2097 1388 2163 Quod

334 2218 516 2280 praecavens
537 2197 646 2274 abbas,
662 2196 732 2259 haec
748 2197 866 2259 iterum
889 2197 987 2281 regiae
1011 2197 1123 2260 intulit
1145 2198 1238 2261 aulae.
1286 2198 1388 2283 Cujus

334 2297 381 2360 rei
397 2320 491 2361 causa
505 2321 611 2361 coram
626 2298 709 2380 regis
724 2298 813 2361 curia
827 2299 990 2376 ventilata,
1007 2308 1165 2362 statutum
1181 2311 1230 2364 est
1245 2301 1279 2363 in
1301 2324 1386 2364 com-

334 2399 435 2476 muni,
452 2409 490 2463 ut
505 2400 543 2461 de
558 2400 669 2462 eadem
683 2399 816 2463 ecclesia
831 2411 865 2463 et
878 2400 974 2483 leuga
992 2401 1238 2487 circumjacente
1261 2426 1294 2466 se
1317 2404 1384 2486 epi·
1426 2463 1427 2467 ,

334 2523 449 2584 scopus
464 2523 529 2563 non
543 2501 783 2580 intromitteret,
801 2504 856 2565 sed
870 2503 967 2566 abbas
982 2503 1126 2566 ecclesiae
1148 2527 1215 2567 suae
1232 2516 1265 2568 et
1280 2505 1385 2588 leugae

333 2603 589 2689 circumjacentis
600 2605 705 2690 judex
720 2605 762 2668 sit
777 2616 810 2668 et
825 2605 982 2684 domium,
1000 2615 1037 2668 ut
1051 2606 1132 2669 servi
1148 2605 1213 2669 Dei
1236 2607 1385 2670 seculari-

331 2705 392 2768 bus
407 2707 491 2770 curis
507 2707 663 2792 expediti,
680 2707 739 2770 soli
755 2706 827 2772 Deo
843 2718 877 2770 et
891 2708 987 2771 saluti
1002 2708 1145 2771 omniurn
1167 2709 1383 2786 intenderent,

332 2818 366 2870 et
380 2829 448 2872 suae
462 2809 607 2872 ecclesiae
622 2831 695 2872 cum
707 2811 861 2894 praedicta
882 2811 988 2894 leuga,
1012 2821 1046 2873 et
1068 2811 1203 2874 seculari
1226 2821 1260 2874 et
1282 2812 1383 2874 eccle-

332 2909 459 2974 siastico
484 2933 571 2974 more
598 2923 783 2996 praeessent,
813 2913 964 2997 episcopo
990 2912 1060 2976 haec
1089 2925 1123 2978 et
1149 2913 1274 2999 reliqua
1308 2935 1383 3000 quae

331 3012 485 3094 praedicta
496 3023 572 3076 sunt
587 3036 660 3076 cum
675 3013 774 3097 regali
795 3014 987 3078 auctoritate
1009 3015 1228 3082 confirmante.
1275 3017 1383 3081 Firma

331 3113 431 3198 igitur
445 3115 532 3198 pacis
546 3116 714 3179 concordia
727 3116 812 3180 inter
826 3117 911 3201 ipsos
926 3117 1010 3181 viros
1024 3119 1221 3182 venerabiles
1241 3143 1284 3182 ex
1304 3130 1381 3184 tunc

331 3227 550 3300 permanente,
565 3217 626 3280 hoc
641 3218 738 3282 etiam
753 3241 811 3282 sua
824 3219 1016 3283 auctoritate
1032 3221 1200 3305 episcopus
1216 3222 1382 3286 confirma-

332 3317 398 3394 vit3
415 3328 453 3381 ut
468 3319 495 3382 si
510 3319 673 3403 provincia
692 3320 758 3399 illa,
776 3322 948 3406 episcopali
964 3324 1133 3401 sententia,
1150 3346 1209 3408 pro
1224 3324 1381 3410 aliquare

332 3419 503 3484 interdicta
537 3421 646 3498 fuerit,
674 3421 806 3486 ecclesia
835 3423 937 3488 sancti
967 3423 1103 3488 Martini
1130 3423 1171 3488 de
1194 3425 1288 3490 Bello
1317 3450 1382 3490 non

333 3523 479 3598 cessabit,
501 3523 557 3585 sed
581 3521 608 3584 si
632 3522 716 3586 infra
738 3524 855 3587 factam
880 3526 1138 3590 interdictionem
1157 3528 1275 3612 aliquis
1300 3550 1383 3614 prae-

332 3623 428 3685 dictae
450 3622 592 3684 ecclesiae
608 3622 706 3686 frater
728 3635 784 3687 aut
804 3648 892 3689 soror
915 3637 1017 3690 morte
1043 3640 1227 3714 praeventus
1252 3631 1286 3693 in
1308 3654 1382 3716 pro-

331 3723 447 3787 vincia¹
468 3723 597 3806 sepeliri
622 3745 687 3787 non
714 3727 826 3808 possit,
859 3729 1015 3812 requisita
1045 3742 1219 3795 memorata
1251 3734 1384 3798 ecclesia

331 3825 432 3890 sancti
448 3824 596 3903 Martini,
610 3825 774 3890 licentiam
789 3829 964 3912 sepeliendi
978 3834 1099 3918 absque
1114 3834 1201 3896 omni
1223 3835 1382 3900 calumnia

331 3927 503 4013 episcopali
517 3927 645 4006 habeat,
661 3928 723 3990 nisi
743 3929 827 3993 forte
850 3931 878 3994 is
903 3933 960 4016 qni
985 3935 1186 4018 sepeliendus
1208 3946 1258 4000 est
1280 3937 1380 4001 inter-

329 4030 478 4094 dictionis
496 4031 597 4094 fuerit
618 4053 721 4094 causa.
767 4031 814 4095 Et
839 4033 865 4095 si
889 4034 1100 4100 forisfacturas
1128 4036 1381 4104 Christianitatis

330 4133 477 4216 quolibet
504 4134 598 4196 modo
624 4133 709 4196 infra
739 4133 867 4218 leugam
897 4137 1100 4221 contigerint,
1129 4161 1234 4204 coram
1265 4143 1379 4206 abbate

291 4339 296 4354 κ
366 4277 435 4327 ¹See
448 4277 492 4328 the
505 4277 670 4347 proceedings
683 4278 709 4330 in
723 4249 828 4348 the'Sy-
879 4279 955 4332 lative
969 4289 995 4332 to
1008 4281 1226 4353 thisexcmption.
1255 4285 1380 4339 Wilkins'

329 4346 380 4398 nod
399 4347 428 4398 ol
446 4347 605 4416 Chichester,
618 4366 643 4400 A.
654 4366 680 4400 n,
695 4349 770 4415 1157,
790 4367 828 4401 re·
881 4349 978 4403 Concil.
993 4352 1010 4405 i.
1024 4353 1084 4405 427.
