3240 5154
333 571 398 636 138
633 585 804 637 HISTORIA
830 584 1078 636 FUNDATIONIS

327 735 464 799 fratrum
479 734 605 798 delatus
629 745 679 798 est
694 735 885 820 capitulum,
901 735 969 798 illic
983 758 1044 819 pro
1063 734 1127 798 loci
1150 734 1387 798 consuetudine

327 838 502 900 emissurus
517 837 680 922 spiritum.
726 837 795 900 Ubi
810 837 917 900 cinere
932 846 966 900 et
979 837 1085 900 cilicio
1101 837 1263 900 substrato
1285 837 1388 921 depo-

326 939 418 1017 situs,
438 951 573 1024 repente
598 940 707 1003 omnia
728 939 872 1024 corporis
894 940 1039 1003 membra
1058 961 1134 1022 quae
1153 939 1278 1023 pridem
1300 959 1387 1022 prae-

325 1055 454 1104 mortua
462 1042 654 1106 videbantur
667 1041 769 1126 coepit
777 1064 916 1119 movere,
926 1051 961 1104 et
974 1051 1067 1104 motu
1083 1040 1243 1104 labiorum
1258 1052 1387 1125 gestum

326 1143 492 1227 loquentis
517 1145 711 1229 exprimere.
769 1143 933 1206 Excitatis
961 1143 1117 1206 fratribus
1146 1143 1308 1222 omnibus,
1337 1143 1387 1206 ori

327 1248 398 1331 ejus
420 1247 479 1330 qui
492 1247 626 1331 propius
645 1246 839 1310 assistebant
858 1268 952 1308 aures
975 1244 1207 1321 adhibuerunt,
1231 1246 1289 1308 sed
1310 1267 1386 1308 cum

327 1348 415 1411 solus
443 1358 528 1411 esset
556 1348 670 1412 sibilus
698 1349 767 1411 sine
795 1369 885 1424 voce,
915 1347 998 1410 nihil
1024 1369 1139 1410 eorum
1165 1367 1242 1430 quae
1276 1348 1384 1413 dicere

326 1451 518 1514 intendebat
545 1460 724 1535 potuerunt
752 1451 944 1514 discernere.
1003 1448 1110 1512 Nocte
1135 1459 1384 1528 transcurrente,

327 1575 402 1616 cum
427 1555 497 1638 jam
524 1575 619 1616 mane
649 1551 832 1628 diluxisset,
862 1551 1002 1614 animam
1029 1551 1065 1614 in
1093 1573 1207 1614 manus
1235 1551 1385 1616 volunta-

327 1665 459 1738 temque
475 1653 637 1717 Creatoris
652 1653 702 1716 sui
716 1653 859 1716 reddidit
872 1653 1028 1715 fratribus
1041 1653 1335 1730 circunstantibus,
1351 1666 1386 1718 et

326 1757 583 1840 proficiscentem
597 1778 671 1818 cum
686 1756 869 1818 orationum
882 1755 1054 1819 devotione
1069 1755 1213 1818 Domino
1222 1777 1383 1820 commen-

326 1858 489 1921 dantibus.
535 1857 697 1940 Exequiis
722 1867 761 1919 ut
784 1857 921 1919 decebat
948 1879 1008 1941 per
1035 1856 1173 1920 biduum
1199 1857 1380 1936 celebratis,

325 1959 456 2023 demum
471 1970 558 2023 terra
572 1970 667 2022 terrae
683 1981 727 2021 ex
744 1981 810 2042 qua
831 1969 960 2042 sumpta
978 1968 1029 2021 est
1051 1959 1209 2038 redditur,
1225 1970 1260 2023 et
1274 1983 1381 2024 coram

324 2062 439 2146 majori
454 2062 621 2139 crucifixo,
637 2072 672 2124 et
688 2061 782 2124 altari
802 2061 906 2124 crucis
926 2060 1085 2124 Crucifixi
1102 2061 1270 2146 sepelitur.
1308 2063 1381 2147 Ap·

323 2164 449 2248 positus
463 2175 514 2226 est
527 2163 628 2246 igitur
642 2163 683 2226 ad
696 2174 806 2248 patres
820 2185 895 2226 suos
908 2185 993 2226 anno
1014 2162 1246 2227 incarnationis
1266 2163 1382 2227 Domi-

322 2266 405 2329 nicae
417 2266 588 2328 millesimo
603 2265 778 2328 centesimo
792 2263 1028 2347 septuagesimo
1039 2264 1155 2348 primo,
1165 2266 1380 2349 promotionis

322 2391 391 2430 suae
406 2390 491 2430 anno
511 2367 671 2429 tricesimo
687 2366 794 2442 tertio,
810 2365 981 2428 undecimo
1003 2365 1156 2428 kalendas
1170 2366 1191 2428 J
1192 2366 1263 2431 ulii.
1308 2367 1378 2434 Qui

322 2491 396 2532 cum
408 2468 444 2531 in
457 2468 569 2532 multis
583 2468 736 2552 operibus
750 2467 816 2530 suis
831 2465 925 2530 bonis
939 2468 1055 2530 merito
1070 2468 1113 2531 sit
1132 2467 1321 2546 laudandus,
1342 2470 1378 2534 in

320 2569 382 2634 hoc
398 2581 506 2634 tamen
530 2570 695 2654 praecipue
714 2579 765 2632 est
786 2568 1002 2646 admirandus,
1019 2569 1108 2654 quod
1130 2592 1205 2633 curn
1226 2592 1277 2634 res
1302 2595 1377 2656 pos-

319 2673 540 2756 sessionesque
554 2672 697 2736 ecclesiae
712 2671 899 2734 hostilitatis
913 2682 1058 2756 tempore
1071 2671 1212 2756 plurima
1226 2685 1375 2756 exparte

320 2775 487 2838 distractas
501 2774 604 2837 multo
624 2773 732 2837 labore
746 2783 781 2836 et
802 2773 953 2857 expensis
973 2773 1151 2836 innumeris
1167 2775 1375 2853 revocaverit,

321 2877 452 2940 domum
466 2876 564 2938 statui
580 2875 718 2959 pristino
732 2875 924 2952 restituerit,
937 2875 1104 2938 ecclesiam
1114 2886 1374 2940 ornamentorum

319 2978 460 3062 plurima
476 2977 631 3040 varietate
650 2977 858 3054 decoraverit,
880 2977 1011 3040 domum
1030 2989 1138 3041 tamen
1160 2978 1264 3062 ipsam
1283 2979 1375 3041 nullo

318 3079 451 3163 penitus
462 3079 574 3142 debito
584 3078 674 3141 intus
683 3078 734 3142 vel
748 3089 843 3142 extra
856 3078 1032 3163 obligatam
1046 3078 1182 3162 reliquit
1194 3105 1202 3156 ;
1218 3080 1376 3143 ministris

317 3180 528 3244 nihilominus
543 3191 608 3244 tarn
623 3180 690 3244 suis
702 3181 760 3266 qui
770 3181 832 3244 sibi
846 3181 1036 3245 familiarius
1048 3182 1266 3259 adhaerebant,
1277 3205 1374 3265 quam

317 3283 368 3348 his
383 3285 441 3369 qui
461 3284 496 3347 in
518 3283 682 3347 communi
700 3283 837 3347 fratrum
859 3283 1135 3347 administratione
1156 3295 1248 3347 erant
1272 3284 1318 3348 sic
1339 3285 1375 3347 in

318 3387 467 3451 omnibus
480 3386 632 3471 providit,
648 3395 687 3448 ut
701 3407 798 3448 nemo
809 3407 921 3448 eorum
946 3386 987 3449 de
1007 3385 1058 3448 his
1084 3406 1160 3470 quae
1175 3386 1238 3450 sibi
1251 3408 1375 3449 recom-

317 3489 472 3573 pensandi
492 3487 610 3551 laboris
636 3488 688 3550 sui
710 3487 815 3571 gratia
828 3488 1042 3566 debebantur,
1064 3489 1241 3574 quicquam
1263 3489 1373 3552 deesse

316 3591 432 3653 merito
446 3601 555 3674 posset
574 3589 707 3652 causari.
753 3589 860 3673 Super
880 3590 952 3653 haec
974 3591 1092 3668 omnia,
1107 3601 1260 3675 argentea
1283 3611 1373 3676 quae-

317 3690 390 3754 dam
412 3711 486 3754 vasa
508 3690 648 3752 moriens
666 3690 809 3753 ecclesiae
828 3691 1014 3775 dereliquit,
1038 3693 1224 3778 exquibus
1250 3694 1292 3757 ad
1314 3694 1373 3758 ho·

315 3813 427 3856 norem
442 3791 507 3855 Dei
522 3801 556 3855 et
569 3791 671 3876 ipsius
685 3791 873 3856 memoriam
894 3792 1064 3857 fabrifacta
1084 3805 1133 3858 est
1152 3817 1250 3880 super
1269 3797 1372 3881 majus
1444 3820 1448 3825 ·
1506 3832 1511 3840 ·

314 3893 414 3958 altare
452 3894 636 3980 dependens
672 3916 798 3970 corona,
829 3916 908 3958 auro
936 3896 978 3958 ad
1006 3896 1109 3980 ipsius
1136 3897 1373 3962 inaurationem

313 3997 434 4075 addito,
450 3996 548 4061 simili
562 3995 696 4060 materia
710 3995 912 4060 fabrifactam
931 3997 1053 4061 habens
1070 3998 1105 4060 in
1126 3999 1234 4062 medio
1249 3999 1372 4063 colum-

313 4099 398 4178 bam,
423 4121 539 4183 corpus
565 4095 774 4161 Dominicum
800 4088 1029 4163 continentem.
1075 4099 1183 4184 Igitur
1208 4123 1252 4164 ex
1281 4111 1372 4164 tanta

312 4199 541 4265 beneficiorum
567 4200 637 4284 ejus
657 4199 890 4277 recordatione,
918 4201 1072 4264 memoria
1096 4202 1199 4286 ipsius
1220 4202 1310 4287 viget
1334 4203 1370 4267 in

311 4302 486 4387 multiplici
501 4301 739 4366 benedictione.

353 4403 466 4466 Rebus
494 4401 643 4466 humanis
675 4402 720 4465 sic
756 4414 910 4487 exempto
938 4404 1006 4468 viro
1035 4405 1213 4468 venerabili
1250 4407 1367 4470 abbate
