3240 5154
539 579 762 634 nonnsrann
785 581 833 632 11
856 583 1001 634 nrum.¹
1226 573 1291 636 133

231 749 295 812 que
311 727 415 792 salute
435 729 536 794 libere
561 732 671 817 quiete
695 743 729 797 11
748 743 906 819 perpetuo
927 731 1156 817 possidendum
1178 756 1290 798 conce-

226 829 356 893 derent.
411 831 495 898 Cum
520 829 621 916 igitur
647 836 742 898 ambo
771 835 1007 899 consentientes
1034 835 1069 898 in
1095 837 1289 900 monasterio

230 931 320 994 beati
335 932 474 997 Martini
488 958 594 1000 coram
609 939 680 1022 ejus
700 937 793 1000 altari
813 939 921 1022 ipsum
943 947 1037 1000 terrae
1057 938 1201 1022 ejusdem
1218 939 1287 1023 jam

229 1033 383 1098 fecissent
401 1035 563 1114 heredem,
579 1039 722 1102 decrevit
745 1040 844 1102 abbas
870 1061 940 1102 eam
963 1061 1029 1102 non
1044 1039 1174 1102 omnino
1187 1040 1287 1122 gratis

230 1136 401 1221 suscipere,
430 1139 608 1221 quinimmo
635 1150 704 1202 tum
732 1163 792 1224 pro
819 1150 935 1204 mutua
959 1139 1190 1217 vicissitudine,
1216 1152 1286 1205 tum

229 1259 290 1320 pro
320 1239 505 1303 testimonio
535 1241 569 1304 in
591 1241 750 1319 futurum,
779 1241 865 1326 patri
888 1264 922 1306 11.
953 1241 1082 1319 solidos,
1112 1241 1181 1304 filio
1210 1265 1286 1306 vero

229 1360 363 1402 aureum
392 1362 494 1403 unum
523 1342 592 1410 dari
620 1342 708 1408 fecit.
770 1343 856 1410 Quae
886 1343 925 1405 de
955 1343 1086 1406 terrulis
1122 1342 1173 1406 his
1209 1343 1287 1407 licet

228 1440 362 1506 modicis
389 1443 606 1522 meminimus
636 1445 688 1508 hic
714 1445 831 1508 iccirco
860 1445 1025 1508 memoriae
1054 1445 1284 1508 committenda

225 1541 420 1607 inseruimus
436 1545 513 1628 quia
527 1547 716 1630 priusquam
732 1546 776 1610 sic
788 1546 960 1630 adquisitae
972 1545 1156 1609 monasterii
1168 1548 1285 1630 junge-

227 1654 340 1710 rentur
360 1647 626 1731 possessionibuS,
656 1661 723 1736 tam
745 1648 860 1711 fratres
886 1670 985 1732 quam
1014 1671 1125 1710 eorum
1145 1648 1285 1712 ministri

226 1757 348 1830 praeter
367 1770 476 1812 rerum
502 1773 633 1813 suarum
654 1750 822 1836 dispendia
847 1750 998 1835 plurima,
1022 1751 1197 1816 multarum
1217 1774 1285 1814 mo-

227 1848 394 1914 lestiarum
409 1852 621 1936 subjacebant
643 1853 881 1919 vexationibus.
928 1852 1005 1916 Non
1027 1853 1113 1915 enim
1128 1853 1169 1918 ad
1184 1873 1284 1937 11111-

228 1949 352 2014 dictum
366 1963 495 2036 pratum
509 1977 681 2033 accessum,
697 1955 749 2019 vel
763 1954 838 2018 inde
851 1977 1011 2018 recessum
1026 1954 1088 2017 nisi
1103 1977 1161 2039 per
1184 1966 1284 2018 terras

226 2073 293 2114 non
315 2075 388 2116 suas
401 2054 520 2118 habere
534 2067 695 2140 poterant,
712 2068 869 2121 terrarum
892 2056 1190 2141 circumjacentium
1212 2065 1285 2141 pos·

227 2154 405 2218 sessoribus
431 2157 478 2220 111
504 2158 697 2222 calumniam
720 2157 946 2235 inferentibus,
973 2179 1033 2220 nec
1053 2156 1115 2220 sibi
1140 2181 1199 2241 per
1222 2159 1286 2220 tei-

225 2255 331 2322 minos
367 2279 441 2321 suos
470 2259 608 2323 liberum
645 2262 817 2323 transitum
853 2260 971 2322 habere
1000 2258 1283 2343 permittentibus.

226 2355 351 2421 Verum
376 2357 478 2444 ipsius
504 2362 695 2426 venerabilis
724 2361 850 2425 abbatis
880 2361 1018 2425 sollicita
1045 2361 1283 2445 procuratione,

227 2469 297 2524 tum
325 2461 377 2526 hae
398 2475 468 2528 tum
495 2466 567 2529 aliae
590 2490 642 2530 res
668 2465 854 2530 monasterii
877 2465 1097 2551 perplurimae,
1119 2465 1284 2530 meliorem

226 2573 346 2626 statum
361 2577 437 2628 sunt
451 2569 588 2652 adepta.
679 2617 681 2622 ,
754 2611 755 2616 κ

271 2663 312 2727 11
341 2666 456 2730 diebus
485 2671 556 2754 ejus
586 2670 791 2733 commissum
821 2670 883 2733 sibi
916 2671 1146 2748 monasterium
1183 2670 1283 2734 sancti
1297 2669 1396 2710 ffll‘m*

227 2765 364 2831 Martini
386 2770 426 2833 de
448 2770 543 2835 Bello
570 2772 699 2835 visitare
721 2771 872 2856 dignatus
892 2782 941 2834 est
961 2771 1134 2848 Dominus,
1150 2794 1223 2834 cum
1246 2721 1435 2834 1111111111ῗῖ

1298 2831 1325 2858 RH
1361 2832 1375 2858 n
1389 2833 1415 2858 ul·

227 2868 415 2935 declaranda
443 2874 533 2936 beati
562 2873 753 2938 confessoris
779 2875 830 2937 sui
860 2874 999 2936 Martini
1022 2873 1148 2949 merita,
1178 2871 1283 2934 locum
1298 2821 1397 2970 &iffi
1406 2870 1423 2912 11

222 2970 331 3056 ipsum
344 2973 573 3038 miraculorum
589 2976 777 3040 choruscare
793 2975 872 3039 fecit
886 2974 1078 3059 frequentia.
1127 2972 1286 3036 Convenit

224 3073 335 3158 itaque
351 3098 390 3138 eo
406 3087 476 3139 tum
491 3077 697 3160 poenitentiae
713 3089 747 3140 et
761 3077 956 3140 remissionis
978 3085 1196 3160 peccatorum,
1214 3087 1285 3138 tum

224 3176 371 3240 sanitatis
383 3175 601 3262 'adipiscendae
616 3180 730 3262 gratia,
746 3201 844 3242 sexus
862 3179 1032 3262 utriusque
1048 3177 1187 3262 plurima
1201 3176 1285 3239 mul-

225 3279 344 3344 titudo,
388 3278 514 3343 Verum
532 3303 607 3344 cum
626 3303 670 3343 ex
693 3303 732 3343 eo
750 3280 956 3342 venientibus
976 3279 1126 3342 nonnulli
1150 3289 1284 3361 repente

226 3390 412 3444 corruentes
438 3381 474 3444 in
503 3391 589 3445 terra
616 3382 851 3458 volutarentur,
876 3391 909 3442 et
932 3380 1040 3442 nescio
1067 3402 1132 3463 quo
1157 3379 1284 3442 occulto

226 3482 306 3546 Dei·
317 3483 442 3569 judicio
471 3483 698 3547 miserabiliter
727 3483 957 3558 cruciarentur,
988 3481 1044 3543 alii
1070 3504 1114 3543 ex
1142 3480 1194 3542 his
1225 3481 1284 3564 qui

224 3586 358 3650 aderant
377 3609 438 3650 nec
456 3586 554 3649 simili
575 3607 684 3672 poenae
705 3607 741 3647 ac
763 3583 906 3648 ludibrio
925 3584 1145 3669 subjacebant,
1168 3582 1284 3645 divini-

225 3687 300 3751 tatis
317 3688 469 3773 operibus
491 3699 644 3772 tanquam
666 3710 732 3750 non
756 3709 799 3750 ex
823 3685 896 3749 Deo
920 3684 1053 3762 fuerint,
1079 3685 1185 3748 minus
1209 3707 1284 3748 sana

222 3800 332 3852 mente
359 3800 530 3875 coeperunt
559 3789 738 3866 detrahere,
769 3788 923 3872 nullaque
950 3787 985 3850 in
1011 3810 1044 3849 se
1070 3785 1202 3872 pietatis
1226 3808 1284 3850 seu

225 3887 453 3969 compassionis
463 3889 585 3950 viscera
592 3887 759 3964 1111111111,
770 3887 936 3972 proximos
949 3886 983 3948 in
993 3885 1150 3968 angustiis
1162 3884 1283 3968 positos

226 3986 344 4069 quibus
356 4011 399 4050 ex
408 3988 571 4052 communi
581 3988 768 4072 fragilitatis
781 3988 933 4051 humanae
947 3985 1131 4050 conditione
1143 3986 1283 4068 compati

225 4086 414 4166 debuerant,
429 4088 606 4172 insolenter
625 4088 769 4152 irridere.
816 4073 1013 4151 Provocatus
1029 4085 1190 4149 Dominus
1212 4095 1283 4149 tum

224 4211 269 4252 ex
283 4180 344 4268 his,
362 4200 432 4253 tum
448 4212 492 4253 111
507 4189 710 4274 quorundam
719 4189 972 4254 inhabitantium
986 4211 1053 4251 non
1065 4187 1162 4270 digna
1176 4209 1282 4249 coram

221 4314 257 4356 11
278 4291 528 4368 1111111111111,
550 4289 710 4373 indignari
737 4290 839 4376 coepit
864 4290 1014 4353 adversus
1037 4289 1283 4373 1111111111-

223 4391 367 4477 tiamque
398 4415 580 4460 concessam
610 4391 782 4478 subtraxit
803 4391 955 4475 indignis,
982 4390 1110 4458 cuidam
1138 4390 1282 4470 fidelium
