3240 5154
502 509 723 561 nounsrrurr
749 511 798 560 or
822 509 949 561 asaro.
1188 491 1249 562 177

184 656 299 722 dando
313 661 500 725 monasterii
520 662 614 726 sitam
628 661 778 726 dominus
792 682 853 724 rex
868 657 998 724 domino
1014 655 1201 723 Godefrido'
1211 660 1251 726 de
1355 696 1359 702 ·

197 758 282 824 Luci
305 763 491 840 contulerit,
517 764 669 848 quodque
695 787 770 828 eum
796 763 884 847 regia
903 757 1094 825 auctoritate
1109 784 1255 846 praesen·

184 870 302 926 tatum
322 864 471 928 dominus
485 877 594 929 noster
604 863 843 952 Cantuariensis
862 865 1002 949 primum
1018 863 1149 942 electus,
1162 874 1251 948 post-

197 965 329 1028 modum
344 966 612 1054 archiepiscopus,
629 969 670 1031 ad
684 968 818 1031 eandem
833 967 999 1030 ecclesiam
1014 967 1200 1050 susceperit,
1217 978 1251 1029 et

196 1065 232 1128 in
245 1089 416 1150 personam
436 1070 626 1132 instituerit.
671 1069 725 1133 Ad
741 1071 810 1132 haec
828 1068 986 1152 imprimis
1001 1069 1087 1130 salva
1101 1091 1177 1152 pace
1194 1069 1250 1132 do·

197 1167 278 1231 mini
291 1171 376 1254 regis
398 1172 639 1257 respondemus,
656 1173 745 1256 quod
763 1172 799 1235 in
817 1172 915 1234 rebus
930 1171 1153 1235 ecclesiasticis
1167 1171 1250 1235 nihil

193 1269 277 1353 juris
306 1273 433 1336 obtinet
460 1283 602 1358 potestas
632 1273 807 1337 secularis.¹
852 1265 955 1337 Licet*
974 1273 1013 1338 ad
1044 1283 1184 1358 tempus,
1214 1273 1247 1336 in

195 1372 292 1436 rebus
305 1376 492 1439 monasterii
515 1386 642 1460 pastore
658 1376 775 1453 orbati,
799 1375 867 1439 visa
880 1375 983 1439 fuerit
997 1377 1147 1460 majestas
1160 1375 1251 1459 regia

195 1494 254 1557 pro
276 1485 437 1558 potestate
458 1478 521 1541 sibi
532 1478 616 1563 juris
631 1477 756 1561 aliquid
769 1478 964 1554 vendicasse,
987 1476 1071 1539 nihil
1085 1486 1194 1538 tamen
1208 1477 1250 1540 ad

195 1574 428 1641 detrimentum
450 1579 638 1642 monasterii
661 1579 827 1643 abbatisve
850 1579 956 1642 futuri
980 1579 1020 1641 de
1039 1580 1114 1664 jure
1139 1579 1250 1663 potuit

194 1677 247 1740 vel
262 1676 376 1741 debuit
389 1679 571 1759 immutare,
596 1679 748 1760 alienare,
775 1704 832 1744 seu
847 1681 1053 1765 aliquatenus
1068 1679 1249 1765 disponere,

188 1778 252 1840 -sed
266 1779 376 1843 abbati
384 1781 507 1860 futuro,
517 1783 708 1866 resignanda
718 1783 826 1846 omnia
839 1783 875 1846 in
889 1805 947 1846 sua
961 1782 1159 1865 integritate,
1176 1805 1252 1846 con-

191 1903 331 1945 servare.
387 1882 521 1947 Domini
551 1883 653 1968 igitur
677 1885 761 1970 regis
788 1906 886 1970 super
912 1883 1047 1948 ecclesia
1072 1884 1111 1946 de
1135 1883 1194 1948 Wi
1216 1884 1252 1948 in

196 1980 298 2046 fundo
322 1985 508 2048 monasterii
528 1985 590 2048 sita
608 1985 699 2050 nulla
723 1986 837 2050 debuit
852 2009 920 2050 esse
937 1986 1080 2062 donatio,
1106 1987 1184 2069 quia
1197 2009 1252 2050 va-

193 2084 298 2147 cantis
321 2086 462 2151 coenobii
481 2109 548 2149 non
568 2096 634 2150 tam
648 2098 804 2172 patronus
820 2110 916 2171 quam
932 2097 1050 2164 custos,
1075 2087 1197 2152 nullam
1216 2088 1252 2151 in

195 2207 234 2248 eo
248 2188 372 2272 proprii
382 2189 467 2273 juris
482 2189 625 2253 obtinuit
644 2190 889 2274 possessionem,
915 2211 975 2252 nec
996 2189 1036 2252 de
1054 2191 1129 2274 jure
1144 2189 1250 2253 alieno

79 2308 82 2313 ·
193 2287 297 2352 facere
314 2289 429 2352 debuit
443 2289 660 2354 donationem.
708 2289 792 2354 Cum
814 2313 902 2375 ergo,
925 2289 1032 2376 palam
1047 2291 1090 2356 sit
1105 2291 1194 2374 quod
1208 2291 1251 2356 sit

190 2389 284 2453 irrita
298 2391 439 2469 donatio,
452 2415 652 2476 consequens
663 2392 795 2455 omnino
811 2401 860 2456 est
874 2402 912 2456 ut
927 2393 1025 2456 etiam
1034 2393 1124 2456 irrita
1134 2393 1250 2456 debeat

193 2513 263 2554 esse
286 2494 505 2577 praesentati0,
537 2495 614 2578 quia
638 2495 694 2577 qui
721 2517 789 2558 non
812 2495 923 2579 potuit
946 2495 1033 2574 dare,
1059 2517 1119 2558 nec
1135 2495 1250 2558 debuit

192 2605 399 2677 praesentare.
445 2595 665 2658 Praesentatus
686 2595 816 2659 domino
834 2595 1058 2660 Cantuariensi
1073 2597 1177 2659 electo
1192 2620 1250 2680 per

191 2717 269 2759 eum
296 2695 415 2759 dicitur
427 2695 528 2760 fuisse
554 2697 720 2775 admissus,
737 2697 793 2759 sed
816 2697 893 2760 licet
916 2697 1041 2760 ratione
1063 2698 1249 2781 praeceden·

191 2797 276 2860 tium
299 2798 406 2862 minus
431 2798 585 2863 canonica
606 2799 708 2863 fuerit
730 2798 906 2877 institutio,
932 2806 965 2861 et
979 2798 1053 2862 ideo
1067 2798 1169 2874 irrita,
1186 2799 1249 2862 alia

191 2909 301 2964 tamen
324 2901 579 2965 consideratione
603 2900 694 2964 nulla
708 2900 783 2977 fuit,
799 2922 859 2963 nec
875 2922 943 2963 esse
956 2899 1077 2983 potuit,
1094 2900 1248 2986 quoniam

189 3001 349 3066 electione
374 3002 605 3088 archiepiscopi
624 3025 683 3087 per
707 3024 869 3066 summum
894 3001 1081 3086 pontificem
1102 3003 1247 3070 nondum

190 3103 387 3180 confirmata,
406 3104 528 3167 electus
551 3103 742 3167 admittendi
763 3103 814 3166 vel
839 3103 1032 3167 instituendi
1050 3126 1117 3167 non
1130 3103 1247 3168 habuit

188 3213 394 3288 potestatem.
441 3203 654 3266 consecratus
677 3227 697 3266 a
721 3204 852 3266 domino
875 3227 959 3288 papa
974 3203 1244 3290 archiepiscopus

188 3317 264 3368 eta
294 3305 368 3369 sede
394 3303 571 3389 apostolica
599 3303 634 3366 in
663 3302 867 3388 plenitudine
891 3305 1063 3388 potestatis
1086 3328 1243 3384 reversus,

190 3406 401 3490 quodminus
416 3416 513 3470 antea
526 3407 648 3470 fecerat
661 3405 781 3468 dicitur
792 3406 956 3470 solennius
971 3405 1095 3485 fecisse,
1111 3417 1145 3470 et
1160 3409 1244 3493 epis-

188 3509 292 3602 copali
316 3509 508 3573 auctoritate
536 3508 750 3585 confirmasse,
775 3508 831 3570 sed
853 3508 944 3572 nulla
969 3531 1038 3572 esse
1064 3509 1178 3574 debuit
1192 3511 1243 3575 vel

187 3611 297 3696 potuit
311 3611 413 3696 ipsius
435 3610 645 3688 confirmatio,
670 3631 745 3673 curn
758 3609 794 3672 in
808 3609 910 3694 ipsius
926 3611 1161 3676 consecratione
1177 3612 1243 3676 sint

186 3714 293 3777 omnia
308 3737 326 3777 a
340 3735 466 3778 summo
479 3713 633 3799 pontifice
648 3723 779 3790 cassata,
796 3732 870 3796 quae
883 3722 957 3776 ante
969 3715 1239 3780 consecrationem

186 3817 257 3900 ejus
280 3815 446 3880 electionis
467 3826 614 3902 tempore
637 3815 770 3902 abipso
793 3814 924 3878 fuerant
948 3815 1108 3881 instituta.
1155 3816 1238 3880 Cum

222 4047 315 4100 ¹This
343 4065 395 4100 was
418 4065 434 4101 a
457 4048 518 4101 bold
539 4058 686 4102 statement.
733 4048 778 4101 the
808 4047 945 4118 privileges
972 4047 1104 4101 bestowed
1133 4047 1169 4118 by
1193 4047 1237 4101 the

186 4117 235 4170 See
246 4135 272 4188 p.
285 4117 430 4184 91,where
453 4117 498 4170 the
515 4128 630 4171 narrator
643 4118 686 4170 de-
733 4118 805 4186 King
825 4134 858 4170 on
873 4117 918 4170 the
938 4117 1030 4188 abbey.
1068 4117 1132 4170 Itis
1154 4136 1238 4170 some-

185 4187 254 4254 tails,
274 4185 336 4239 with
357 4205 419 4258 very
431 4187 549 4240 different
571 4187 687 4309 feelinps,
733 4187 802 4240 what
814 4187 973 4240 remarkable
985 4187 1041 4240 that
1053 4187 1080 4240 in
1093 4187 1156 4240 both
1166 4205 1238 4240 <asses

186 4257 231 4309 the
264 4274 335 4310 same
362 4259 511 4310 reasonins
538 4257 619 4326 urged
670 4275 687 4326 y
733 4257 777 4309 the
804 4257 919 4309 doctrine
943 4275 995 4310 was
1018 4256 1185 4328 propounded
1203 4257 1238 4328 by

186 4325 230 4388 the
255 4327 354 4397 Bishop
370 4327 399 4380 of
418 4275 569 4380 0111111111
586 4326 689 4397 against
733 4326 831 4396 foreign
845 4327 983 4379 canonists.

1084 4437 1105 4478 N
