3240 5154
340 573 403 636 166
630 589 800 639 nrsroms
830 589 1080 640 ruunsnoms

338 740 416 803 dnrn
429 749 629 824 praeceptum
643 740 728 824 regis
743 740 945 804 continentes
959 739 1069 817 scribi,
1083 739 1237 824 regisque
1256 737 1404 822 sigillum

339 842 474 926 singulis
487 842 611 906 faceret
627 843 759 928 apponi.
792 843 981 906 Commissae
989 842 1053 907 sibi
1067 841 1214 907 ecclesie
1227 841 1404 925 diligenter

338 944 374 1008 in
396 945 459 1008 hoc
484 955 519 1008 et
540 945 717 1030 prudenter
740 947 921 1032 prospexit,
945 957 985 1010 ut
1006 945 1161 1030 quoniam
1184 943 1405 1030 possessiones

339 1047 527 1112 monasterii
541 1057 652 1112 sunta
664 1049 860 1112 monasterio
875 1049 1054 1134 plurimum
1073 1058 1220 1126 remote,
1242 1047 1403 1130 siquando

341 1150 455 1234 quavis
476 1173 519 1214 ex
544 1172 640 1214 causa
668 1151 849 1236 quamlibet
879 1151 981 1214 trium
1001 1160 1161 1214 cartarum
1188 1149 1403 1232 contingeret,

340 1253 393 1315 rel
408 1252 507 1316 etiam
522 1252 604 1316 duas
617 1263 712 1316 extra
730 1253 962 1316 monasterium
974 1252 1054 1316 alias
1068 1251 1274 1330 (1111111111
1287 1250 1403 1316 saltem

342 1377 454 1420 earum
467 1355 509 1419 ad
522 1377 655 1418 manum
668 1378 795 1442 semper
808 1355 985 1420 haberetur
998 1355 1034 1418 in
1047 1353 1256 1418 monasterio.

180 1482 226 1522 m
214 1481 290 1533 pan
387 1455 480 1520 Infra
502 1457 753 1542 quadriennium
778 1479 857 1543 quo,
881 1468 922 1522 ut
950 1457 1099 1542 superius
1123 1477 1315 1542 expressum
1341 1465 1403 1533 est,

180 1533 321 1673 qim&
344 1570 419 1644 post
446 1561 613 1624 decessum
649 1560 776 1624 abbatis
806 1558 972 1638 Walterii,
1003 1559 1161 1624 destituta
1189 1567 1318 1643 pastore
1348 1579 1404 1620 va·

180 1633 429 1773 sBCirhamssldcavit
459 1663 604 1742 ecclesia,
633 1662 772 1747 contigit
805 1661 1020 1728 Humfridum
1052 1662 1215 1747 quendam
1243 1660 1405 1746 presbite-

182 1734 305 1834 sunnin
344 1786 418 1828 rum
440 1775 475 1828 et
498 1787 668 1850 personam
689 1765 834 1830 ecclesiae
862 1767 969 1830 beatae
993 1765 1111 1830 Mariae
1135 1764 1176 1828 de
1199 1762 1305 1841 Bello,
1327 1781 1405 1847 quae

344 1867 498 1951 contigua
520 1889 615 1932 muro
639 1869 826 1934 monasterii
846 1867 1054 1954 parrochialis
1068 1867 1218 1943 habetur,
1233 1865 1311 1929 huic
1325 1864 1404 1928 vitae

342 1967 441 2034 finem
465 1969 583 2036 facere.
639 1969 735 2036 Prior
759 1983 794 2036 et
821 1980 999 2036 conventus
1024 1969 1103 2034 licet
1129 1967 1236 2032 orbati
1259 1976 1403 2082 pastore,

343 2071 447 2157 ipsam
473 2082 507 2136 et
531 2073 736 2138 ecclesiam
724 2096 760 2138 m
785 2095 864 2139 usus
883 2072 1033 2159 proprios
1054 2070 1248 2135 auctoritate
1272 2069 1405 2154 propria

342 2175 550 2258 redegerunt,
566 2199 676 2240 omnes
690 2199 734 2240 ex
748 2199 787 2240 11
800 2177 1027 2264 provenientes
1040 2174 1168 2238 fructus
1183 2171 1312 2236 nemine
1325 2192 1405 2234 con-

343 2276 522 2344 tradicente
550 2277 777 2363 percipientes,
801 2277 968 2364 capellano
993 2277 1135 2361 quodam
1162 2274 1198 2338 in
1226 2296 1265 2338 ea
1292 2272 1404 2336 vicarii

344 2378 487 2442 officium
512 2389 708 2464 exequente,
733 2381 790 2444 sed
809 2379 893 2443 nihil
907 2381 942 2444 in
957 2402 996 2444 ea
1009 2376 1238 2464 perpetuitatis
1250 2375 1404 2440 habente.
1436 2433 1443 2438 .

344 2478 541 2543 institerunt
562 2481 673 2565 plures
687 2482 840 2567 precibus
853 2493 893 2546 ut
907 2483 954 2546 eis
968 2481 1103 2546 ecclesia
1117 2503 1137 2543 1
1150 2488 1312 2544 conventu
1325 2499 1404 2542 con-

344 2583 522 2659 cederetur,
544 2604 604 2646 nec
631 2584 856 2649 obtinuerunt.
901 2584 994 2649 Inter
1018 2605 1101 2669 quos
1127 2581 1299 2658 Ricardus,
1325 2591 1406 2644 tunc

345 2684 545 2750 Pictavensis
569 2686 826 2766 archidiaconus,
850 2687 1058 2772 postmodum
1072 2708 1149 2750 vero
1165 2681 1405 2748 Wintoniensis

345 2788 527 2874 episcopus,
558 2787 687 2874 scripsit
715 2791 763 2854 eis
792 2789 981 2874 diligentius
1016 2788 1212 2874 supplicans,
1242 2795 1333 2848 tanto
1363 2784 1406 2847 de

344 2890 545 2974 impetrando
574 2891 727 2970 securior,
764 2902 887 2975 quanto
919 2891 1091 2955 videbatur
1119 2912 1189 2954 esse
1224 2887 1404 2972 potentior.

346 2990 412 3054 Sed
436 2991 526 3074 prior
548 3001 582 3054 et
599 3003 777 3057 conventus
798 2993 882 3057 inito
897 2993 1060 3059 communi
1081 2990 1228 3069 consilio,
1249 2989 1403 3054 scribenti

344 3091 589 3178 rescripserunt,
613 3095 803 3180 praedictam
817 3097 985 3160 ecclesiam
1004 3095 1192 3160 monasterii
1214 3114 1285 3156 esse
1300 3091 1407 3177 capel·

345 3194 421 3274 lam,
436 3196 517 3260 adeo
532 3206 571 3262 ut
585 3196 689 3283 ipsius
701 3199 836 3284 capellae
852 3199 952 3263 altare
969 3198 1061 3282 quasi
1075 3219 1180 3262 unum
1194 3219 1237 3260 ex
1249 3195 1407 3260 altaribus

345 3399 464 3464 liorum
479 3404 666 3467 monasterii
682 3415 837 3490 tanquam
851 3425 952 3468 unum
968 3425 1013 3466 ex
1027 3401 1191 3466 monachis
1206 3401 1322 3466 debere
1338 3423 1409 3464 esse

347 3503 535 3582 conscium,³
551 3515 585 3568 et
599 3506 642 3569 ob
656 3505 718 3570 hoc
732 3507 967 3584 fidelissimum,
982 3504 1234 3592 hujusmodique
1261 3525 1297 3566 ac
1317 3502 1408 3566 simi·

348 3603 434 3666 libus
459 3605 498 3667 de
524 3605 630 3668 causis
652 3629 687 3670 se
709 3610 832 3672 nemini
858 3618 1066 3672 memoratam
1089 3606 1255 3672 ecclesiam
1279 3626 1409 3670 conces-

111 3793 115 3800 *
186 3737 228 3778 Δια
228 3738 290 3778 d„
299 3739 325 3780 d
349 3725 450 3783 suros,
466 3705 529 3768 nisi
544 3707 602 3790 qui
616 3707 652 3770 in
669 3731 707 3771 ea
720 3709 755 3772 in
769 3711 900 3795 propria
920 3733 1058 3796 persona
1079 3709 1287 3784 ministraret.
1332 3705 1408 3770 Me·

184 3789 311 3878 §iiim
238 3839 299 3880 ,ed
350 3817 472 3872 morato
495 3807 717 3874 archidiacono
731 3835 750 3875 a
763 3811 923 3896 petitione
946 3835 1005 3876 sua
1018 3813 1059 3876 ad
1072 3810 1260 3896 hujusmodi
1274 3831 1408 3925 respon-

184 3889 284 4041 Q}
292 3941 329 3982 uo
349 3931 420 3975 sum
435 3921 590 3991 cessante,
618 3914 750 3997 quidam
766 3913 933 3979 Aluredus
958 3915 998 3979 de
1011 3924 1122 3979 sancto
1137 3913 1283 3978 Martino
1299 3911 1356 3997 qui
1370 3911 1408 3974 in

284 3996 469 4078 ⁰finibus
495 4014 762 4099 Hastingensium
788 4019 849 4082 sub
873 4019 990 4082 comite
1008 4017 1098 4101 Augi
1112 4015 1312 4080 vicecomitis
1327 4036 1406 4078 exe-

184 4001 313 4182 iiiiii*
258 4143 327 4194 plain
330 4117 513 4201 ,quebatur
537 4117 690 4197 officium,
717 4143 736 4184 a
762 4120 893 4183 domino
918 4142 1006 4204 rege,
1034 4129 1112 4182 tunc
1137 4117 1293 4202 temporis
1319 4126 1407 4179 trans

346 4240 434 4282 mare
459 4241 581 4284 moram
606 4219 756 4300 faciente,
779 4221 904 4286 litteras
928 4223 969 4286 ad
992 4221 1133 4306 priorem
1156 4231 1190 4284 et
1213 4228 1408 4285 conventum

346 4319 532 4404 impetravit
554 4323 800 4408 deprecatoriae,
824 4336 863 4389 ut
886 4325 1053 4390 ecclesiam
1075 4323 1264 4410 praedictam
1279 4322 1408 4388 crudam

449 4478 458 4512 ¹
471 4478 564 4532 Added
577 4481 603 4532 in
615 4480 659 4533 the
671 4482 770 4550 margin
781 4502 788 4546 ;
805 4485 820 4513 “
831 4483 914 4553 qualis
925 4483 1017 4537 debeat
1029 4501 1086 4537 1111
1099 4483 1242 4536 decanus.'’
