3240 5154
356 527 420 590 134
634 538 804 590 1111111111
830 535 1097 589 1111111111·

355 712 489 754 suorum
512 689 657 754 revelans
680 690 714 754 in
739 689 873 767 visione,
898 686 1057 773 propositi
1081 685 1215 770 quidem
1238 685 1289 746 sui
1313 684 1416 748 fuisse

355 793 464 856 locum
492 792 601 877 ipsum
632 815 739 856 coram
767 791 954 855 hominibus
988 788 1173 862 clarificare,
1202 787 1261 849 sed
1288 785 1417 850 inhabi-

357 894 498 958 tantium
526 894 729 978 quorundam
757 893 966 956 habundante
995 890 1120 954 malitia
1143 911 1178 952 sc
1205 911 1225 950 a
1248 888 1417 972 proposito

357 995 543 1073 declinasse,
554 995 757 1080 gratiamque
766 1016 947 1058 concessam
958 991 1167 1056 subtraxisse.
1213 989 1305 1056 Quid
1314 989 1418 1072 igitur

357 1097 399 1160 ad
413 1096 476 1160 ista
489 1096 662 1160 dicendum
676 1099 750 1160 est?
795 1095 953 1179 Plangere
974 1094 1010 1156 in
1026 1094 1078 1158 his
1095 1092 1197 1175 magis
1211 1093 1304 1156 decet
1318 1114 1417 1175 quam

358 1197 484 1282 aliquid
498 1198 615 1263 dicere.
661 1196 751 1276 Heu,
765 1198 842 1274 heu,
859 1207 980 1281 quanta
999 1205 1049 1258 est
1063 1194 1237 1258 infelicitas
1249 1193 1417 1256 hominum

359 1300 417 1385 qui
440 1300 618 1365 divinitatis
641 1302 794 1386 operibus
813 1300 933 1384 ingrati
947 1300 1106 1376 existunt,
1122 1298 1333 1380 Creatorique
1356 1319 1416 1360 suo

358 1401 550 1466 famulatum
580 1402 701 1466 debita
724 1401 889 1464 servitutis
914 1401 1101 1486 impendere
1127 1400 1317 1484 negligunt!
1362 1398 1417 1462 De

360 1505 481 1589 quibus
503 1503 718 1589 proculdubio
742 1513 878 1581 constat,
905 1503 994 1587 quod
1016 1503 1102 1567 sicut
1123 1503 1228 1566 multa
1248 1511 1326 1566 sunt
1340 1520 1416 1585 quae

360 1607 514 1671 immeriti
528 1630 548 1670 1
568 1605 641 1669 Ι)11
655 1605 829 1690 accipiunt,
844 1606 890 1668 sic
909 1606 1080 1668 innumera
1100 1614 1178 1668 sunt
1197 1624 1272 1688 quae
1297 1604 1417 1686 ingrati

197 1729 254 1790 me
266 1730 349 1771 unm
361 1709 527 1773 amittunt.
571 1706 794 1771 Veruntamen
809 1730 884 1771 cum
897 1707 941 1770 sit
954 1707 1060 1771 suavis
1071 1706 1243 1783 Dominus,
1257 1705 1417 1788 benignus

196 1780 331 1870 11111111
361 1823 395 1876 11
422 1811 535 1874 multae
564 1810 792 1889 miserationis,
815 1810 952 1895 gratiam
979 1832 1161 1874 concessam
1189 1833 1256 1874 non
1284 1809 1416 1872 omnino

197 1880 282 1968 ⁰l⁰¹¹''.
360 1912 507 1991 abstulit,
534 1912 590 1976 tea
620 1922 659 1975 ut
684 1912 791 1976 voluit
813 1912 990 1976 transtulit.
1044 1911 1227 1974 11111111
1254 1910 1417 1994 aquaem

360 2037 432 2077 eam
446 2014 485 2078 de
500 2023 602 2077 matre
624 2013 666 2076 ad
685 2012 796 2092 filiam,
812 2014 852 2077 de
874 2013 1008 2078 ecclesia
1030 2014 1154 2076 scilicet
1176 2013 1263 2076 beati
1278 2012 1417 2076 Martini

360 2117 400 2180 de
417 2115 511 2179 Bello
525 2116 566 2179 ad
580 2115 747 2180 ecclesiam
760 2117 849 2180 beati
865 2115 1016 2180 Nicholai
1035 2117 1070 2178 iu
1090 2115 1220 2179 civitate
1234 2115 1417 2179 Exoniensi
1453 2143 1456 2148 ·

360 2218 465 2295 sitam,
485 2240 583 2302 quam
602 2216 705 2302 ipsius
722 2217 867 2280 ecelesia
884 2218 924 2280 de
949 2217 1044 2280 Bello
1059 2227 1185 2281 constat
1204 2233 1273 2280 1111
1288 2217 1415 2295 cellam,

359 2318 423 2382 loci
438 2319 540 2403 ipsius
564 2319 697 2382 visitans
721 2318 946 2403 dejectionem.
991 2319 1147 2384 Nondum
1172 2319 1260 2383 enim
1284 2319 1418 2383 ecclesia

360 2420 417 2483 illa
442 2444 460 2483 a
483 2419 596 2504 primis
624 2420 843 2484 fundamentis
868 2422 997 2506 plenam
1026 2433 1193 2507 acceperat
1217 2445 1418 2486 consumma-

361 2521 495 2600 tionem,
519 2545 594 2585 cum
617 2523 687 2608 jam
713 2523 853 2586 secrmdo
877 2545 922 2586 ex
950 2523 1121 2607 repentino
1150 2523 1240 2587 urbis
1268 2523 1418 2586 incendio

361 2623 490 2686 redacta
515 2635 600 2688 esset
627 2624 663 2687 in
686 2625 927 2689 desolationem.
972 2624 1139 2710 Apparuit
1159 2625 1260 2710 igitur
1288 2626 1356 2690 illic
1381 2626 1417 2687 in

362 2725 589 2790 miraculorum
617 2726 715 2811 signis
750 2727 854 2810 gloria
882 2727 1028 2805 Domini,
1057 2751 1117 2792 1111
1152 2738 1281 2792 tantum
1309 2728 1417 2792 locum

361 2825 479 2912 ipsum,
509 2829 720 2892 verumetiam
749 2829 887 2892 diversas
915 2830 1007 2913 regni
1035 2840 1144 2915 partes
1172 2831 1213 2894 ad
1249 2853 1329 2914 quas
1357 2853 1416 2894 seu

362 2928 510 2990 monachi
524 2951 582 2991 seu
597 2929 704 2992 clerici
713 2929 776 2992 loci
787 2930 888 3014 ipsius
903 2931 1032 2995 nomine
1041 2932 1157 2996 directi
1164 2932 1416 3017 praedicationis,

362 3029 466 3112 gratia
490 3040 717 3114 pervenerunt,
740 3032 874 3096 mirifice
899 3033 1083 3098 illustravit.
1130 3033 1417 3098 Crebrescentibus

364 3130 536 3209 miraculis,
562 3132 814 3217 circumquaque
840 3133 1011 3198 dilatatum
1031 3145 1081 3200 est
1105 3158 1224 3198 nomen
1245 3136 1334 3200 beati
1355 3135 1417 3201 Ni-

363 3232 478 3311 cholai,
494 3233 660 3320 coepitque
675 3235 765 3299 locus
786 3236 855 3320 ipse
871 3237 911 3300 ab
926 3237 1097 3321 utriusque
1120 3260 1230 3315 sexus,
1248 3261 1268 3301 a
1282 3239 1416 3304 diversae

362 3335 479 3415 aetatis,
503 3336 668 3420 religionis
693 3347 727 3400 et
750 3338 872 3401 ordinis
900 3339 1050 3402 fidelibus
1076 3362 1149 3404 cum
1179 3350 1269 3404 tanta
1295 3341 1418 3404 benefi-

361 3436 483 3500 ciorum
506 3438 759 3523 comportatione
780 3439 1046 3524 frequentarint
1067 3464 1110 3505 111
1131 3443 1275 3526 ipsorum
1295 3443 1417 3506 benefi-

361 3538 483 3602 ciorum
499 3538 592 3623 copia
604 3563 670 3604 non
685 3540 789 3604 solum
804 3542 936 3606 ecclesia
954 3543 1080 3627 pridem
1097 3545 1248 3608 incendio
1263 3545 1418 3629 dissipata

361 3639 622 3716 reedificaretur,
645 3641 855 3706 verumetiam
878 3643 1033 3709 fratribus
1058 3645 1125 3709 illic
1154 3646 1417 3711 conversantibus

363 3740 440 3804 satis
453 3740 590 3804 honesta
603 3743 644 3804 ad
658 3741 906 3808 inhabitandum
921 3746 1060 3811 aedifioia
1072 3771 1132 3832 pro
1154 3749 1218 3812 loci
1239 3749 1415 3834 capacitate

362 3851 634 3908 construerentur.
680 3842 758 3908 Non
779 3867 1016 3931 usquequaque
1036 3849 1073 3911 in
1094 3848 1145 3912 his
1158 3851 1292 3914 ecclesia
1314 3851 1417 3915 sancti

363 3943 499 4008 Martini
514 3945 553 4008 de
569 3944 663 4009 Bello
677 3945 832 4011 frustrata
842 3958 902 4026 est,
915 3950 1018 4033 gratia
1032 3950 1108 4030 Dei,
1123 3953 1200 4036 quia
1214 3953 1415 4031 honorfiliae,

361 4046 463 4130 gloria
478 4057 527 4110 est
540 4047 651 4111 matris
667 4049 747 4133 ejus.
794 4049 823 4113 O
846 4050 941 4114 beata
963 4052 1033 4116 loca
1055 4065 1089 4117 et
1108 4066 1264 4140 tempora,
1281 4078 1355 4140 quae
1371 4056 1416 4120 sic

364 4148 428 4211 Dei
443 4149 584 4213 visitavit
598 4149 786 4216 clementia!

196 4263 309 4354 qima
405 4249 514 4314 Multa
543 4250 674 4335 quidem
711 4263 787 4316 sunt
825 4276 899 4338 quae
935 4279 955 4318 a
989 4257 1057 4320 viro
1089 4259 1265 4322 venerabili
1299 4260 1417 4324 abbate

196 4363 282 4404 weter-
361 4350 530 4430 Walterio,
547 4362 580 4415 11
595 4375 652 4438 per
671 4354 777 4439 ipsum
792 4357 959 4441 magnifice
974 4371 1065 4444 gesta
1085 4363 1303 4445 cognovimus.
1350 4362 1417 4427 Sed
