3278 5162
494 569 717 620 uonnsrsnu
742 569 791 620 nn
816 569 943 621 santo.
1188 553 1252 623 117

194 725 265 778 tur'n
295 717 483 804 episcopum
512 719 786 797 Lundonieusem,
816 742 835 782 a
868 720 941 782 sede
977 719 1155 804 apostolica
1192 731 1252 805 per

194 818 368 903 praefatum
380 820 564 883 Robertum
575 820 828 906 Philosophum¹
842 821 1036 905 impetravit,
1055 831 1094 883 ut
1106 821 1133 883 si
1145 822 1251 906 judici

194 941 291 1005 super
306 921 414 985 clerici
437 923 472 985 in
493 923 658 986 ecclesiam
676 923 855 987 intrusione
875 934 1046 1000 constaret,
1074 923 1251 987 eumomni

195 1022 360 1086 occasione
380 1032 503 1087 remota
526 1035 697 1103 amoveret,
721 1025 889 1109 ipsamque
905 1024 1071 1088 ecclesiam
1092 1024 1201 1087 abbati
1217 1027 1251 1086 et

194 1123 359 1187 monachis
384 1126 423 1188 de
439 1124 533 1188 Bello
555 1127 748 1189 auctoritate
763 1125 940 1210 apostolica
953 1125 1149 1188 restitueret.
1196 1124 1250 1188 Ci·
1263 1151 1308 1191 m
1313 1150 1389 1202 paras·

195 1234 282 1288 tatus
307 1226 442 1290 clericus
467 1228 566 1290 semel
591 1238 624 1290 et
649 1227 779 1304 iterum,
803 1249 863 1290 nec
888 1249 1085 1311 comparem,
1108 1227 1149 1290 ad
1165 1227 1250 1290 diem
1263 1163 1407 1291 lthildss

194 1327 324 1389 tandem
347 1328 602 1412 peremptorium
627 1329 715 1414 apud
740 1338 830 1392 sanct
831 1351 887 1392 um
903 1327 1042 1391 Paulum
1058 1327 1251 1406 Luudoniis,
1263 1301 1371 1342 ΜΗ
1326 1302 1393 1353 ”⁰¹¹⁹

193 1427 301 1491 venire
328 1429 542 1513 compellitur.
589 1429 796 1493 Conveniunt
821 1439 930 1514 partes
956 1441 990 1494 et
1013 1429 1104 1493 litem
1125 1429 1251 1506 ineunt,

194 1529 344 1614 episcopo
370 1529 438 1592 illic
461 1530 656 1615 praesidente
678 1531 800 1616 judice.
846 1530 929 1614 Agit
955 1531 1065 1606 abbas,
1093 1530 1250 1608 veritatis,

191 1630 336 1708 rationis,
353 1641 387 1694 et
409 1641 569 1694 cartarum
590 1631 695 1694 fultus
711 1631 917 1707 testimoni03
943 1630 1097 1693 renititur
1118 1631 1252 1694 clericus

192 1754 252 1816 pro
265 1732 399 1809 viribuS,
416 1732 560 1795 ecclesiae
574 1732 652 1796 licet
663 1732 770 1796 minus
785 1733 935 1795 canonice
952 1732 1124 1816 adquisitae
1138 1733 1251 1796 nolens

194 1843 309 1917 sponte
333 1834 529 1898 renuntiare.
586 1833 728 1898 Demum
749 1833 869 1919 judicis
895 1833 1029 1897 arbitrio
1054 1834 1251 1918 relinquitur

194 1935 366 1998 diffinitiva
389 1937 558 1999 sententia.
605 1935 674 2002 Qui
701 1959 775 1998 cum
798 1936 1009 1999 assessoribus
1033 1937 1100 1999 suis
1124 1938 1163 1999 de
1184 1961 1252 2000 om·
1238 1945 1341 2035 pnes
1342 1957 1394 2036 sm

194 2037 291 2099 nibus
318 2036 496 2115 conferens,
520 2036 632 2100 habito
648 2060 722 2101 cum
748 2038 794 2100 eis
810 2037 955 2115 consilio,
979 2037 1103 2100 ratione
1120 2039 1165 2101 sic
1181 2039 1252 2102 exi·
1264 2047 1301 2087 th
1309 2046 1388 2086 Abba

194 2148 303 2220 gente,
330 2138 484 2202 clericum
514 2149 668 2224 tanquam
697 2139 858 2202 intrusum
887 2139 964 2201 ab
955 2161 1025 2224 ipsa
1050 2139 1183 2203 ecclesia
1212 2142 1252 2204 de

195 2238 332 2302 Trilavve
354 2239 546 2302 auctoritate
561 2239 739 2325 apostolica
753 2239 884 2303 omnino
899 2241 1029 2317 amovit,
1052 2241 1253 2326 eandemque

195 2342 305 2404 abbati
335 2351 369 2405 et
398 2341 542 2404 ecclesiae
572 2341 673 2405 sancti
710 2339 848 2404 Martini
882 2341 922 2404 de
962 2340 1056 2404 Bello
1096 2343 1251 2407 restituit.

195 2441 335 2507 Addidit
359 2453 469 2507 autem
493 2444 592 2506 abbas
611 2443 693 2506 hauc
713 2443 848 2506 eandem
869 2441 1035 2506 ecclesiam
1058 2443 1098 2506 de
1115 2444 1252 2510 Trilawe

172 2529 333 2629 ‘praefato
360 2544 509 2609 Roberto
534 2544 732 2629 Philosopho
757 2545 943 2621 concedere,
968 2567 1066 2628 quam
1081 2546 1167 2610 idem
1182 2548 1252 2612 Ro-

193 2647 306 2710 bertus
326 2646 404 2709 dum
426 2646 513 2710 vixit
534 2647 594 2709 sub
611 2656 699 2709 certa
712 2645 867 2730 pensione
883 2645 1028 2709 ecclesiae
1044 2648 1146 2710 sancti
1162 2649 1254 2712 Mar-

194 2748 256 2811 tini
272 2748 311 2811 de
327 2745 421 2810 Bello
436 2747 605 2810 annuatim
620 2745 771 2810 solvenda
784 2746 929 2831 possedit
943 2747 1087 2831 pacifice.

237 2849 317 2913 Post
342 2848 546 2932 aliquantum
562 2860 691 2933 tempus
706 2871 781 2911 cum
802 2847 879 2910 huic
903 2847 980 2912 vitae
1004 2848 1102 2912 finem
1123 2849 1252 2915 fecisset
1263 2872 1308 2932 rna
1316 2873 1378 2934 cium

193 2952 279 3016 idem
308 2951 474 3015 Robertus
501 2949 728 3034 Philosophus,
759 2950 858 3012 abbas
886 2949 989 3034 ipsam
1018 2950 1184 3014 ecclesiam
1211 2953 1250 3016 de
1264 2924 1375 3014 '‘sdraiiciu'

195 3053 332 3116 Trilavve
348 3053 476 3116 cuidam
492 3053 608 3116 clerico
621 3052 755 3115 Thomae
770 3051 900 3114 nomine
919 3051 958 3113 de
981 3074 1014 3114 se
1037 3063 1071 3116 et
1086 3055 1253 3119 commissa

193 3156 256 3218 sibi
280 3153 414 3217 ecclesia
436 3153 477 3215 de
502 3153 595 3216 Bello
624 3152 858 3237 pensionaliter
885 3153 1057 3216 tenendam
1082 3157 1250 3223 concessit.

192 3256 317 3321 Verum
337 3254 493 3340 praefatus
508 3254 642 3318 clericus
657 3251 844 3316 Willehnus
859 3254 898 3316 de
915 3252 1031 3330 Orbec,
1048 3255 1139 3338 prius
1154 3279 1252 3339 quam

193 3358 335 3422 Thomas
359 3356 493 3420 clericus
515 3355 549 3418 in
573 3353 770 3438 corporalem
795 3353 981 3416 mitteretur
1006 3356 1249 3438 possessionem,

191 3458 341 3545 praedicti
357 3456 537 3542 Haymonis
557 3454 687 3518 Peccati
709 3453 813 3517 fultus
828 3454 1019 3538 patrocinio,
1042 3469 1250 3523 memoratam

191 3561 358 3626 ecclesiam
382 3583 448 3624 non
470 3558 582 3622 timuit
601 3557 717 3619 iterato
741 3555 854 3619 illicite
870 3579 1036 3641 occupare.
1083 3558 1160 3625 Quo
1176 3583 1250 3645 cog.

192 3664 274 3741 nito,
301 3664 400 3727 abbas
422 3684 489 3724 non
504 3661 572 3746 jam
597 3659 750 3722 clericum
774 3658 834 3742 qui
860 3660 1051 3724 auctoritate
1076 3663 1251 3746 apostolica

190 3765 385 3851 jampridem
407 3764 482 3827 iude
506 3762 637 3826 omnino
661 3770 787 3823 amotus
813 3759 931 3840 fuerat,
956 3762 1013 3824 sed
1036 3762 1175 3825 militem
1190 3764 1250 3826 sci-

192 3867 271 3931 licet
287 3866 490 3949 Haymonem
507 3864 681 3927 Peccatum
702 3863 759 3946 qui
770 3863 826 3947 jus
845 3873 1034 3947 patronatus
1048 3864 1250 3942 vendicabat,

192 3971 228 4032 in
243 3989 371 4031 causam
392 3966 584 4029 trahendum
606 3986 674 4026 esse
697 3962 848 4026 decrevit.
899 3962 1006 4046 Igitur
1032 3963 1067 4024 in
1087 3963 1252 4026 audientia

192 4077 415 4153 magnatorum
431 4067 488 4150 qui
503 4065 538 4127 in
553 4064 642 4128 curia
663 4063 752 4145 regia
765 4062 850 4125 vices
866 4063 987 4125 domini
1002 4063 1086 4146 regis
1108 4085 1250 4147 exeque-

232 4239 350 4293 ¹This'
343 4257 366 4291 ιε
394 4236 589 4291 aremarkahle
611 4252 695 4287 name.
751 4234 869 4303 loroplus.
915 4235 985 4303 Orig.
1009 4234 1123 4288 Monast.
1143 4252 1169 4304 p.
1189 4237 1251 4302 687,

194 4308 341 4378 According
362 4318 389 4360 to
412 4307 552 4372 Alteserra,
583 4305 627 4356 the
652 4321 697 4355 an·
751 4303 792 4357 ed.
805 4303 902 4356 Gluek.

192 4379 260 4432 cient
291 4387 356 4430 tenu
378 4378 417 4430 lor
437 4395 452 4429 a
471 4346 552 4428 monk'
571 4391 623 4428 was
639 4373 696 4442 pli
