3278 5162
355 550 398 612 46
657 564 828 616 nrsruan
849 563 1095 615 rtrunnrrouls

349 721 460 804 justus
480 717 588 802 judex
608 738 675 779 non
698 715 839 793 distulit,
862 714 1024 778 Dominus
1052 713 1165 776 dilecti
1193 712 1244 774 sui
1267 711 1406 775 Martini

351 830 601 904 sanctorumque
613 840 752 902 quonrm
765 818 802 880 in
816 819 888 903 ejus
897 816 1031 880 basilica
1039 814 1248 879 continentur
1258 813 1404 898 pignora,

350 922 605 1007 expoliationem
628 920 742 1006 quanti
766 921 889 1005 pendat
918 917 1097 1003 propalare.
1143 915 1230 980 Nam
1254 916 1404 1000 sequenti

350 1047 482 1108 quoque
495 1045 579 1087 anno
593 1023 714 1086 iterum
727 1022 935 1085 incumbente
951 1019 1094 1083 rediviva
1106 1017 1312 1102 intemperie,
1330 1039 1404 1080 cum

349 1128 432 1203 haec‚
448 1127 488 1189 de
504 1147 569 1209 qua
584 1124 691 1207 agitur
709 1124 851 1209 planeta,
870 1121 959 1185 lineo
979 1120 1121 1185 studiose
1136 1119 1283 1183 involuta
1296 1141 1404 1204 panno

348 1229 434 1291 inter
459 1228 539 1291 duas
565 1226 708 1311 ejusdem
733 1225 913 1309 praecipuas
936 1223 1080 1286 ecclesiae
1103 1221 1225 1286 casulas
1248 1221 1404 1284 collocata

343 1332 478 1416 jaceret,
504 1328 653 1413 protinus
675 1325 802 1390 caelitus
824 1325 969 1388 vibratus
992 1323 1131 1409 fulguris
1149 1324 1231 1387 hanc
1254 1332 1404 1407 penetrat

348 1433 442 1508 ictus,
472 1453 509 1494 ac
537 1430 624 1492 lineo
651 1450 760 1513 panno
786 1426 966 1510 casulisque
996 1447 1071 1508 quae
1101 1447 1198 1510 supra
1225 1425 1401 1508 subterque

344 1533 497 1618 jacebant
511 1531 633 1608 illaesis,
648 1529 684 1592 in
698 1528 786 1592 illius
797 1529 957 1613 plicatura
966 1527 1014 1590 vis
1025 1527 1171 1590 fulminis
1182 1527 1277 1611 ignea
1286 1525 1402 1588 immo·

347 1635 419 1697 dica
448 1632 556 1696 effecit
582 1630 750 1708 foramina,
779 1630 921 1714 hincque
950 1628 1034 1692 tanti
1062 1649 1191 1692 causam
1224 1628 1300 1691 mali
1329 1627 1399 1690 fore

347 1736 488 1820 intelligi
511 1735 611 1798 dedit.
657 1733 753 1796 Unde
768 1733 875 1796 divina
900 1733 947 1796 ita
961 1731 1079 1796 sanctis
1093 1731 1286 1816 proponitur
1298 1731 1401 1794 virtus

347 1838 544 1914 admiranda,
561 1836 639 1898 dum
655 1833 855 1898 Babilonicae
870 1833 1010 1898 fornacis
1033 1857 1134 1911 more,
1151 1855 1216 1918 qua
1236 1835 1399 1918 justomm

347 1949 475 2002 tantum
502 1938 738 2002 comburuntur
765 1935 904 2014 vincula,
935 1933 971 1998 in
998 1935 1058 1998 hac
1088 1935 1289 1998 solummodo
1316 1935 1401 2018 ignis

346 2041 518 2126 praevaluit
536 2040 676 2125 planeta,
700 2037 830 2122 quiade
845 2046 1027 2102 sanctorum
1041 2037 1162 2122 injuste
1177 2037 1288 2122 spoliis
1303 2038 1401 2100 deno·

346 2144 428 2206 tavit
451 2141 655 2226 adquisitam.
701 2141 773 2206 Nec
794 2140 967 2204 molestum
991 2139 1143 2224 cuiquam
1171 2139 1319 2202 videatur
1340 2162 1399 2203 nos

344 2245 443 2330 paulo
457 2245 552 2307 aliter
567 2265 665 2327 quam
680 2266 699 2306 a
725 2243 875 2326 quodam,
900 2241 958 2326 qui
979 2242 1019 2304 de
1033 2239 1093 2304 hac
1107 2250 1183 2304 ante
1197 2262 1256 2304 nos
1270 2240 1400 2325 planeta

345 2347 480 2410 mirifice
506 2345 643 2428 scripsit,
666 2341 882 2406 narrationem
897 2342 1054 2419 texuisse,
1082 2342 1160 2426 quia
1179 2341 1249 2406 haec
1263 2341 1311 2405 ita
1324 2365 1400 2405 con-

346 2447 456 2530 tigisse
476 2467 535 2509 nos
558 2447 599 2509 ab
619 2445 670 2508 his
691 2445 748 2529 qui
772 2443 843 2507 haec
858 2454 1035 2529 praesentes
1049 2453 1295 2529 conspexerant,
1311 2455 1345 2508 et
1358 2445 1399 2507 ab

344 2548 416 2632 ipso
427 2547 629 2624 nominatim,
642 2547 700 2631 qui
710 2547 808 2632 hujus
820 2557 953 2610 exactor
962 2547 1109 2631 pecuniae
1118 2545 1236 2624 fuerat,
1243 2545 1399 2609 monacho

345 2649 486 2714 Ricardo
500 2649 641 2726 nomine,
666 2648 723 2734 qui
737 2648 823 2711 forte
839 2669 912 2711 cum
937 2646 1039 2732 ipsius
1054 2645 1232 2731 Flagiensis
1255 2647 1399 2711 ecclesiae

346 2752 461 2814 abbate
478 2751 591 2816 Odone
614 2751 798 2828 adveniens,
820 2771 926 2813 coram
946 2749 1081 2812 domino
1095 2750 1211 2813 abbate
1226 2747 1398 2812 Warnerio

346 2862 381 2914 et
402 2853 500 2936 pleno
517 2853 651 2916 Bellicae
666 2851 811 2915 ecclesiae
836 2851 991 2936 capitum,
1011 2851 1107 2914 venia
1130 2873 1190 2935 pro
1216 2873 1249 2914 se
1273 2872 1397 2935 suoque

346 2953 451 3036 petita
471 2953 614 3031 ecclesia,
635 2955 708 3038 ipso
723 2963 898 3017 attestante
920 2953 1048 3030 abbate,
1070 2953 1130 3016 sub
1146 2952 1247 3016 divini
1261 2954 1399 3016 nominis

347 3053 560 3131 invocatione,
576 3063 615 3118 ut
629 3054 797 3118 audientes
812 3053 993 3131 didicimus,
1013 3054 1117 3118 veraci
1139 3076 1284 3121 sermone
1298 3055 1399 3119 relata

349 3155 584 3240 descripsimus

188 3283 306 3319 annua
393 3257 518 3320 Iterum
542 3257 617 3322 stilo
644 3259 685 3322 ad
711 3259 857 3322 ordinem
879 3259 1013 3336 reflexo,
1038 3279 1111 3321 cum
1135 3257 1219 3340 regis
1239 3257 1399 3321 Willelmi

187 3328 335 3430 tillidi
348 3359 455 3444 magni
470 3358 631 3460 Willelmi
645 3359 706 3422 filii
721 3359 972 3444 circumquaque
994 3357 1125 3422 virtutis
1138 3357 1224 3421 fama
1249 3369 1283 3422 et
1297 3369 1401 3423 terror

349 3462 574 3537 crebresceret,
590 3461 727 3544 contigit
746 3463 884 3524 eundem
904 3481 1013 3544 regem
1028 3459 1063 3523 in
1078 3459 1201 3536 silvam,
1219 3482 1315 3544 quam
1329 3460 1400 3545 ipse

348 3562 515 3626 stabiliens
531 3559 658 3626 Novam
672 3563 806 3625 vocitari
820 3562 934 3640 voluit,
946 3571 1100 3624 venatum
1116 3560 1201 3624 forte
1221 3562 1395 3626 devenisse.

349 3663 426 3728 Quo
442 3663 519 3726 dum
534 3685 625 3725 suam
640 3663 782 3726 studiose
797 3685 950 3726 exercens
964 3663 1178 3731 delectaretur
1196 3663 1398 3740 industriam,

349 3763 476 3827 occulto
492 3763 557 3826 Dei
573 3786 638 3847 quo
655 3764 824 3848 ignoratur
845 3765 970 3850 judicio
985 3787 1071 3842 casu,
1096 3766 1269 3848 aquodam
1283 3765 1398 3841 milite,

348 3968 415 4030 vita
428 3967 627 4050 defungitur,
653 3966 772 4031 divinae
798 3989 881 4030 anno
896 3966 1123 4030 incarnationis
1138 3967 1188 4030 M.
1204 3991 1231 4032 c.
1247 3967 1398 4032 instante.

349 4068 427 4132 Rex
452 4069 552 4153 igitur
570 4067 738 4133 Willelmo
763 4090 863 4150 regno
887 4090 961 4131 cum
982 4068 1053 4132 ¹vita
1074 4069 1136 4132 hoc
1155 4070 1252 4133 modo
1267 4070 1397 4133 decessu

349 4180 488 4249 carente,
502 4170 608 4254 patria
621 4169 770 4254 protinus
785 4170 914 4233 turbata
932 4170 1121 4249 concitatur,
1142 4170 1400 4255 optimatumque

321 4322 323 4327 .
349 4271 514 4335 nonnullis
537 4271 678 4356 partium
703 4271 892 4335 dissensioni
916 4271 1059 4334 animum
1074 4273 1400 4351 accommodantibus,

348 4372 579 4458 superveniens
600 4393 644 4434 ex
681 4371 746 4434 Dei
779 4372 989 4457 dispositione
1016 4373 1100 4458 regis
1129 4373 1274 4438 defuncti
1302 4374 1402 4438 frater
