3240 5154
520 562 743 614 MONASTERII
769 562 817 612 DE
839 561 964 610 nunno,
1213 547 1274 608 145

204 711 303 776 'rium
317 713 405 778 beati
421 714 557 779 Thomas
571 737 650 778 mox
664 715 749 777 inter
764 715 872 797 ipsum
887 723 921 776 et
935 711 1041 775 filium
1063 711 1134 796 ejus
1149 711 1190 776 de
1211 733 1276 795 qua

217 814 364 878 ¹diximus
395 817 602 896 dissensione,
633 804 676 880 err
705 815 809 880 multa
841 815 925 879 circa
959 814 1022 878 alia
1051 813 1273 898 occupatione,

217 917 334 980 minori
363 918 446 984 circa
474 919 622 983 ecclesias
646 919 799 982 utebatur
829 915 1059 981 sollicitudine.
1106 914 1170 980 His
1196 915 1275 979 licet

216 1018 456 1102 aliquantulum
478 1021 648 1086 videantur
667 1023 707 1084 ab
733 1043 779 1098 re,
807 1041 873 1082 nou
895 1031 1003 1082 tamen
1027 1018 1080 1081 hic
1095 1018 1163 1081 sine
1179 1039 1275 1082 causa

219 1119 360 1185 breviter
388 1123 527 1200 insertis
558 1123 680 1208 quippe
709 1143 784 1190 curn
814 1122 964 1205 quaedam
993 1121 1201 1206 sequentium
1231 1144 1274 1185 ex

218 1219 296 1304 ipsis
310 1222 449 1288 habeant
470 1226 621 1309 pendere,
638 1227 707 1311 jam
720 1247 805 1289 nunc
820 1223 862 1286 ad
876 1224 1101 1306 exequendam
1115 1223 1273 1308 propositi

218 1325 320 1387 nostri
335 1327 450 1390 seriem
465 1337 673 1394 revertamur.

261 1425 360 1492 Anno
375 1429 602 1496 incarnationis
613 1431 717 1496 Verbi
733 1431 799 1495 Dei
819 1431 990 1496 millesimo
1005 1429 1181 1493 centesimo
1202 1451 1273 1514 sep·
1286 1460 1339 1490 nn.
1351 1456 1410 1498 1175.

216 1530 394 1613 tuagesimo
410 1533 536 1617 quinto,
552 1533 644 1615 regni
658 1556 734 1596 vero
750 1533 873 1598 domini
887 1532 971 1616 regis
987 1530 1125 1594 Henrici
1140 1532 1273 1595 secundi
1285 1501 1429 1642 ffiiffiiqwfl

216 1653 301 1696 anno
315 1633 466 1697 vicesimo
492 1635 608 1719 primo,
633 1635 799 1698 ordinatus
820 1646 858 1700 ut
877 1635 945 1720 jam
968 1633 1167 1710 dictumest,
1190 1643 1224 1696 et
1238 1633 1272 1696 in
1284 1607 1436 1742 apeqfiffich

217 1734 292 1797 sede
308 1756 365 1798 sua
379 1735 584 1800 confirmatus
595 1735 841 1801 virvenerabilis
857 1736 1016 1800 Ricardus
1033 1734 1271 1798 Cantuariensrs
1283 1751 1438 1854 qffiqqqg

216 1834 485 1923 archiepiscopus
509 1838 652 1923 singulos
678 1839 844 1925 episcopos
868 1837 925 1924 qui
951 1837 1082 1901 sedibus
1103 1837 1382 1944 pontifice-Bechget's

217 1937 304 2004 libus
320 1951 451 2004 eatenus
464 1941 654 2004 vacantibus
668 1941 883 2026 praesiderent
898 1939 1068 2016 ordinavit,
1085 1939 1182 2024 paulo
1197 1951 1272 2002 ante
1341 1931 1345 1941 ¹

218 2039 347 2107 electos,
392 2041 568 2106 Ordinatus
589 2052 638 2106 est
658 2055 735 2108 tunc
750 2042 905 2126 temporis
921 2041 1064 2106 ecclesiae
1079 2039 1273 2104 Cicestrensi

217 2142 386 2228 episcopus
416 2144 520 2208 beatae
546 2143 775 2208 recordationis
790 2143 971 2222 Johannes,¹
1001 2142 1103 2227 ipsius
1129 2141 1272 2206 ecclesiae

217 2243 366 2322 decanus,
390 2245 528 2330 Hylario
552 2246 702 2331 episcopo
728 2247 821 2332 cujus
842 2247 991 2331 superius
1011 2247 1164 2330 frequens
1189 2246 1275 2310 facta

215 2354 265 2408 est
278 2346 400 2410 mentio
414 2347 490 2410 huic
505 2347 581 2411 vitae
597 2347 722 2432 pridem
744 2349 934 2425 subtracto,2
949 2349 1025 2412 dum
1040 2348 1144 2411 adhuc
1159 2349 1274 2412 beatus

215 2459 337 2532 martyr
352 2447 493 2512 Thomas
507 2457 592 2512 esset
611 2449 645 2512 in
661 2449 772 2514 exilio.
820 2449 1058 2514 Consummatis
1078 2449 1190 2535 itaque
1206 2473 1274 2514 oms
1333 2517 1336 2524 Α

215 2549 311 2613 nibus
335 2571 410 2634 quae
432 2550 517 2614 circa
542 2551 735 2636 pontificum
760 2551 994 2615 ordinationem
1017 2551 1163 2614 facienda
1188 2552 1274 2618 vide-

216 2655 346 2732 bantur,
367 2677 460 2738 agere
478 2663 649 2738 coeperunt
664 2663 729 2717 tarn
743 2677 804 2718 rex
819 2675 916 2737 quam
931 2654 1000 2738 ipse
1015 2653 1274 2738 archiepiscopus

216 2777 327 2840 super·
342 2755 497 2840 eligendis
527 2756 793 2820 monasteriorum
822 2755 965 2841 praelatis
992 2765 1026 2818 et
1050 2755 1272 2820 instituendis.

216 2856 525 2942 Communicatoque
558 2857 696 2922 invicem
730 2846 865 2922 consilio
896 2857 1080 2922 vacantium
1110 2869 1287 2922 monasta-

213 2961 334 3024 rionnn
349 2959 555 3024 uniformiter
570 2960 775 3025 scribendum
789 2961 1001 3026 decreverunt
1015 2959 1271 3044 congregationi-

214 3061 286 3139 bus,
312 3061 466 3144 quatinus
491 3061 611 3144 singuli
633 3062 834 3146 singulorum
848 3062 1115 3126 monasteriorum
1135 3062 1269 3147 priores,

213 3162 341 3226 sociatis
363 3163 425 3226 sibi
439 3163 512 3225 iiii⁰¹
526 3173 584 3226 aut
599 3163 744 3248 quinque
759 3164 1043 3248 congregationum
1059 3185 1190 3227 suarum
1205 3165 1270 3228 fra-

214 3264 329 3342 tribus,
360 3287 393 3328 se
419 3286 531 3329 eorum
560 3265 785 3349 conspectibus
814 3266 902 3350 apud
931 3264 1148 3329 Wedestoche
1181 3269 1269 3332 omni

214 3365 378 3429 occasione
401 3365 583 3450 postposita
606 3375 849 3450 praesentarent,
874 3376 913 3429 ut
926 3365 994 3430 illic
1008 3367 1044 3430 in
1059 3391 1171 3432 eorum
1185 3390 1269 3454 prae-

215 3469 318 3532 sentia
329 3468 462 3532 abbates
476 3467 538 3532 sibi
548 3467 626 3553 ipsis
638 3467 712 3531 Deo
726 3479 919 3553 procurante
934 3468 1030 3553 digne
1046 3471 1270 3554 praeficiendos

214 3570 398 3654 eligerent.³
443 3570 593 3638 Quorum
604 3582 642 3634 ut
657 3571 772 3635 electio
788 3593 807 3634 a
821 3582 1001 3635 remorante
1016 3572 1051 3636 in
1066 3575 1270 3640 monasteriis

213 3673 420 3738 universitate
442 3673 573 3737 omnino
594 3683 663 3738 rata
685 3673 871 3752 haberetur,
896 3673 1021 3738 litteras
1042 3676 1081 3740 de
1106 3677 1271 3746 communi

212 3775 344 3838 consilio
367 3787 400 3839 et
415 3798 572 3840 consensu
583 3787 799 3841 conventuum
818 3799 950 3842 suorum
971 3799 1081 3842 secum
1097 3779 1270 3844 deferrent.

213 3875 267 3938 Ad
290 3878 451 3960 agendum
465 3877 652 3963 hujusmodi
675 3878 853 3964 negotium,
879 3880 944 3942 duo
970 3901 1049 3942 mox
1070 3879 1178 3944 clerici
1194 3889 1271 3942 sunt
1283 3908 1366 3952 among

214 3979 338 4056 directi,
349 3981 406 4063 qui
418 3979 556 4043 diversas
565 3980 746 4065 provincias
756 3990 992 4065 percurrentes,
1004 3979 1270 4065 commissamque
1282 3951 1358 4042 llll:
1366 3952 1407 4041 iile

249 4191 406 4245 ¹Johannes
414 4191 446 4245 de
456 4192 605 4260 Greenford,
615 4191 715 4248 elected
765 4193 921 4264 Salisbury's
951 4195 1173 4266 correspondents.
1222 4195 1271 4248 See

215 4264 292 4318 1173.
765 4263 810 4316 the
822 4264 911 4316 letters
923 4263 1062 4318 addressed
1080 4274 1107 4318 to
1120 4265 1184 4334 him,
1203 4266 1271 4319 inter

246 4333 256 4362 ²
274 4332 362 4386 About
374 4332 431 4384 four
444 4350 517 4402 years
529 4333 624 4397 before,
634 4335 661 4385 in
671 4333 715 4386 the
767 4332 850 4404 Epist.
864 4334 881 4386 J
883 4351 940 4386 oon.
955 4335 1082 4388 Sarisbur.

212 4421 271 4472 year
280 4407 356 4456 1169.
389 4402 431 4455 He
444 4421 495 4455 was
508 4421 556 4456 one
568 4405 598 4457 of
607 4403 677 4457 John
689 4404 718 4457 of
799 4405 810 4437 ³
828 4405 876 4457 See
889 4403 990 4475 Diceto,
1002 4423 1026 4476 p.
1041 4407 1100 4460 587.

1118 4514 1137 4556 L
