3278 5162
532 565 753 619 nouassuuu
778 565 827 616 nu
852 564 977 616 uncto.
1241 553 1281 616 61

232 719 452 805 episcopatum
476 717 640 782 Cicestriae
661 718 781 782 electus
809 717 939 793 luerat,¹
962 715 1104 779 ecclesiae
1127 717 1167 780 de
1191 716 1284 781 Bello

231 821 424 884 monachum
447 818 709 882 Cantuariensem
731 819 891 904 quendam
913 818 1120 883 Warnerium
1141 821 1282 898 nomine,

231 921 337 984 virum
352 921 518 996 modestia,
531 920 698 1005 sapientia,
709 943 744 983 ac
759 921 941 983 litteratura
955 942 1125 997 summum,
1136 922 1284 984 abbatem

232 1023 400 1106 delegavit.
456 1021 533 1088 Quo
557 1022 591 1084 in
614 1023 790 1085 ebdomada
813 1033 887 1106 post
911 1021 1054 1085 medium
1083 1023 1130 1087 xl.
1162 1022 1284 1085 stabili-

233 1135 342 1188 mento
368 1124 564 1200 confirmato,
586 1123 741 1206 praedicto
763 1123 871 1206 priore
896 1133 1057 1186 maturato
1080 1124 1186 1188 reditu
1211 1146 1284 1187 cum

234 1226 300 1288 suis
314 1226 520 1310 repatriante,
545 1223 686 1288 Sabbato
701 1234 776 1287 ante
791 1224 995 1287 Dominicam
1012 1224 1205 1302 Palmarum‚
1220 1225 1284 1289 illis

233 1328 363 1390 domum
376 1326 536 1411 regressis,
553 1348 631 1390 mox
647 1325 747 1390 totius
762 1325 901 1389 abbatiae
916 1348 994 1389 cura
1007 1325 1043 1388 in
1054 1328 1109 1412 jus
1123 1327 1282 1412 praedicti,

231 1429 271 1491 ad
285 1427 429 1512 ejusdem
447 1427 589 1512 regimen
605 1428 709 1504 electi,
724 1427 831 1490 locum
858 1427 915 1510 qui
937 1439 1098 1511 praeerant
1120 1430 1282 1508 dantibus,

231 1530 359 1592 redacta
395 1539 454 1592 est.
511 1529 657 1592 Paschali
694 1551 769 1612 ergo
806 1529 993 1591 imminente
1030 1539 1174 1614 tempore
1211 1553 1284 1593 cum

233 1632 362 1695 domino
407 1630 634 1715 archipraesule
671 1629 838 1693 Willelmo
884 1629 1059 1713 praedictus
1095 1630 1285 1694 Warnerius

234 1731 386 1809 Angliam
408 1732 549 1808 advenit,
572 1731 734 1815 tertioque
764 1740 839 1814 post
864 1730 997 1794 Paschae
1029 1730 1285 1815 solempnitatem

234 1832 405 1896 Dominico
430 1833 492 1908 die,
513 1832 701 1916 priusquam
724 1831 775 1894 sui
796 1832 961 1914 regiminis
976 1832 1094 1895 adisset
1108 1833 1284 1911 ecclesiam,

233 1933 458 1997 benedictione
472 1933 586 2017 petita,
602 1943 696 1995 sexta
710 1931 826 1994 dehinc
841 1931 933 2010 feria,
950 1953 1025 2015 quae
1040 1934 1108 1996 dies
1123 1944 1201 1998 tunc
1217 1947 1285 1998 erat

234 2046 345 2098 octavo
367 2034 518 2097 kalendas
534 2034 627 2110 Maii,
642 2033 676 2096 in
699 2032 834 2100 ecclesia
856 2033 917 2096 sibi
941 2035 1108 2098 commissa
1129 2036 1168 2099 de
1193 2037 1285 2100 Bello
1298 2056 1396 2110 Apum.

233 2137 348 2200 festive
371 2146 410 2198 ut
436 2136 569 2198 decebat
594 2144 761 2219 susceptus
783 2145 842 2199 est.
887 2135 1037 2220 Adeptus
1060 2159 1136 2220 ergo
1158 2137 1286 2202 culmen

234 2237 399 2321 regiminis
413 2237 515 2322 coepit
529 2236 683 2300 continuo
698 2236 796 2299 abbas
807 2236 1007 2315 Warnerius,
1023 2239 1204 2322 prudentiae
1220 2263 1285 2324 quo

235 2338 369 2402 callebat
383 2337 501 2416 studio,
518 2338 648 2401 domum
663 2361 682 2401 a
696 2337 793 2422 regiis
808 2338 963 2403 ministris
977 2339 1175 2405 multimodis
1194 2343 1286 2405 dissi-

234 2453 341 2524 patam
365 2440 521 2526 paulatim
545 2449 736 2518 restaurare,
763 2441 961 2524 adquietare,
985 2451 1019 2506 et
1047 2441 1082 2506 in
1113 2443 1286 2528 pristinum

235 2552 355 2605 statum
368 2565 565 2626 promovere.
612 2541 700 2608 Quia
710 2563 785 2605 vero
800 2542 888 2605 illius
903 2543 978 2605 anni
994 2543 1162 2608 sterilitate
1173 2568 1288 2628 magna

236 2665 363 2706 omnem
377 2652 494 2706 terram
508 2652 719 2727 occupaverat
733 2653 866 2726 egestas,
883 2643 964 2706 mira
986 2644 1157 2728 probitatis
1179 2647 1287 2709 indus-

236 2743 298 2806 tria
312 2743 496 2827 importuna
509 2743 698 2829 opportunis
724 2765 906 2826 coaequans,
922 2744 1097 2808 honorifice
1117 2757 1155 2810 ut
1170 2746 1287 2810 summi

237 2844 482 2908 Patrisfamilias
510 2845 605 2908 fidele
639 2843 847 2928 mancipium,
880 2845 1080 2908 commissam
1114 2847 1287 2932 disponens

237 2945 377 3024 domum,
393 2946 536 3030 inopiam
550 2945 717 3030 opulentia
730 2945 765 3008 in
779 2945 869 3009 brevi
884 2947 1056 3031 superavit.

280 3047 369 3114 Quia
380 3070 467 3125 vero,
483 3058 520 3110 ut
536 3070 632 3131 supra
646 3047 862 3125 meminimus,
878 3070 939 3110 rex
953 3049 1109 3132 praefatus
1125 3050 1287 3114 Henricus
1299 3063 1416 3164 'thfnipg

237 3171 294 3211 sua
315 3149 537 3211 munificentia
557 3148 661 3211 eidem
676 3149 746 3211 loco
764 3148 799 3210 in
811 3149 933 3211 Wallia
948 3151 1108 3234 quandam
1123 3151 1288 3214 ecclesiam
1299 3126 1372 3252 {⁸:123
1376 3185 1409 3251 sgr

236 3251 275 3313 de
292 3249 478 3312 Carmerdin
493 3271 566 3310 cum
580 3249 819 3332 pertinentibus
834 3251 1024 3328 contulerat,
1034 3251 1091 3314 ubi
1097 3253 1165 3336 jam
1174 3252 1288 3314 fratres
1301 3262 1437 3354 {mgb

237 3352 276 3415 ad
303 3349 376 3412 Deo
400 3349 602 3412 serviendum
626 3349 758 3412 adunati
783 3349 923 3426 fuerant,
950 3351 1119 3436 episcopus
1144 3352 1288 3436 ejusdem
1439 3340 1445 3353 ⁵

236 3451 411 3536 provinciae
434 3450 635 3514 Bernardus²
658 3449 721 3513 loci
741 3449 871 3513 illectus
886 3452 1084 3531 amoenitate,
1100 3453 1182 3516 miro
1197 3455 1288 3538 cupi-

237 3554 322 3626 dinis
344 3553 455 3616 ardore
483 3552 711 3637 quoquomodo
738 3553 872 3615 eandem
896 3553 1061 3617 ecclesiam
1084 3554 1118 3618 in
1139 3556 1195 3640 jus
1214 3579 1288 3640 pro-

237 3655 344 3739 prium
367 3655 561 3718 moliebatur
577 3654 735 3738 redigere.
782 3653 865 3717 Cum
881 3653 982 3738 igitur
995 3656 1069 3720 hinc
1084 3658 1288 3742 frequentius

238 3767 271 3820 et
284 3757 382 3840 regiae
399 3779 540 3842 quoque,
557 3767 622 3820 tam
640 3779 704 3819 ase
726 3779 823 3840 quam
838 3766 872 3818 et
891 3779 910 3819 a
924 3757 990 3821 suis
1005 3759 1165 3836 obaeratis,
1181 3760 1289 3844 pulsa-

237 3869 350 3920 rentur
369 3880 472 3936 aureS,
497 3859 626 3921 tandem
646 3858 681 3920 in
701 3859 826 3922 abbatis
841 3859 1005 3924 Warnerii
1020 3860 1177 3924 electione
1192 3861 1290 3946 hujus

238 3981 343 4023 causae
372 3958 519 4022 absoluta
546 3959 736 4042 quaestione,
766 3981 879 4042 arege
909 3960 1060 4045 episcopo
1089 3962 1175 4024 idem
1200 3961 1290 4026 locus

274 4155 281 4187 ¹
301 4155 365 4208 This
378 4171 447 4224 year.
478 4154 526 4206 See
537 4153 607 4207 Flor.
617 4153 737 4223 Wigorn.
822 4153 833 4182 ²
849 4154 973 4234 Bernard‚
983 4155 1081 4228 Bisbop
1090 4157 1119 4210 of
1124 4157 1162 4212 St.
1173 4157 1288 4228 David's,

238 4225 264 4276 in
277 4243 300 4277 a.
313 4227 398 4287 1125;
417 4223 475 4275 who
497 4223 575 4276 refers
587 4223 641 4275 also
654 4233 681 4274 to
694 4223 738 4275 the
786 4223 886 4276 elected
898 4241 924 4276 m
939 4229 1016 4278 1115.

237 4294 430 4434 angqttaliftaqnine
450 4293 502 4346 and
525 4295 559 4345 its
581 4302 738 4362 consequent
