3240 5154
341 483 405 547 192
766 463 971 545 sermnrx'

338 647 498 732 placitum
513 647 640 716 abbtis
656 657 691 708 et
710 657 1029 710 sarmentus-moram
1041 647 1190 730 exegerit
1202 645 1396 729 longiorem,

339 748 410 834 ipse
432 760 467 812 et
488 749 573 812 alins
599 747 775 812 monachus
798 749 957 824 visitator,
985 747 1074 810 ultra
1096 749 1132 812 ii.
1155 749 1225 812 dies
1252 749 1288 810 in
1306 747 1397 810 dieto

339 851 535 916 monasterio
562 873 630 914 non
651 859 831 928 moratur,
853 851 971 913 abbate
998 859 1033 913 et
1054 861 1216 914 conventu
1239 873 1298 934 per
1320 847 1397 910 illos

338 953 407 1016 dies
413 947 678 1020 ministrantibus
697 953 761 1016 sibi
771 952 949 1016 necessaria
961 951 1141 1015 liberaliter
1153 963 1189 1016 et
1201 952 1398 1034 benigne.—

339 1054 415 1139 Ipse
432 1078 510 1120 vero
529 1055 701 1140 episeopus
715 1054 882 1118 Cicestriae
897 1055 939 1118 de
954 1055 1095 1117 triennio
1109 1055 1146 1118 in
1159 1052 1337 1118 uiennium
1351 1053 1395 1114 ad

336 1157 687 1241 monasterium-ipsum
701 1179 776 1220 cum
789 1179 870 1222 xxv.
890 1156 1086 1240 equitaturis
1098 1155 1199 1220 semel
1209 1155 1396 1238 hospitatu-

335 1281 392 1321 rus
406 1259 555 1322 accedat
600 1258 765 1325 Quinibil
787 1258 915 1322 ibidem
939 1259 1089 1342 corrigat,
1104 1280 1165 1320 nec
1186 1257 1394 1340 aliquatenus

247 1389 254 1403 ·
335 1361 457 1439 visitet,
476 1372 511 1424 et
531 1360 658 1444 aliquid
669 1361 726 1444 jus
741 1360 922 1444 episcopale
936 1360 985 1422 ibi
997 1359 1051 1424 vel
1064 1359 1150 1422 infra
1164 1359 1395 1442 circumjacen-

259 1515 263 1524 .
335 1454 411 1548 tem
426 1461 557 1547 leugam
579 1485 646 1526 non
668 1472 830 1539 exerceat,
852 1462 916 1524 nisi
937 1461 1064 1525 abbatis
1079 1471 1114 1523 et
1124 1472 1303 1524 conventus
1315 1481 1392 1543 pre-

334 1563 427 1626 cibus
441 1573 612 1640 exoratus3
628 1573 737 1626 tamen
751 1563 931 1648 capitulum
941 1572 1069 1626 tantum
1079 1562 1205 1647 ingredi
1215 1560 1338 1648 poterit
1348 1560 1392 1622 ad

333 1667 581 1751 proponendum
601 1666 736 1728 verbum
762 1665 997 1729 Domini-Et
1021 1665 1193 1750 episcopus
1221 1661 1390 1726 Cicestriae

334 1767 393 1850 qui
415 1789 503 1830 nunc
523 1777 583 1844 est,
599 1777 634 1829 et
652 1767 704 1830 sui
728 1789 926 1830 successores
945 1767 1167 1854 semelquoad
1183 1765 1337 1842 vixerint,
1352 1764 1390 1828 in

333 1891 393 1932 suo
413 1869 519 1952 primo
541 1869 683 1932 adventu
704 1869 928 1932 tantummodo
950 1869 1072 1932 ibidem
1091 1892 1166 1932 cum
1180 1867 1390 1953 processione

332 1969 550 2054 suscipiantur
570 1971 683 2035 abeis.
728 1956 883 2034 Monachi
895 1993 972 2033 vero
985 1971 1156 2034 ordinandi
1173 1970 1326 2033 accedant
1347 1969 1390 2034 ad

333 2071 461 2134 ornus
475 2055 619 2156 episcopi
637 2071 1003 2136 memorata-vacante
1018 2072 1140 2155 capena
1161 2071 1197 2136 s,
1213 2071 1331 2135 Maria
1346 2071 1389 2134 ae

333 2172 428 2236 Bello
447 2183 668 2258 presentatum
687 2174 728 2236 ab
748 2174 865 2236 abbate
883 2183 918 2236 et
931 2185 1092 2236 conventu
1106 2173 1261 2258 predictis
1280 2172 1390 2256 capel-

331 2275 442 2339 lanum
459 2275 613 2339 idoneum
627 2275 669 2337 ad
682 2275 828 2352 eandem,
844 2275 1010 2338 Cicestriae
1025 2275 1194 2360 episcopus
1214 2274 1387 2337 admittere

331 2387 492 2454 teneatur,
515 2377 569 2440 cui
588 2398 697 2439 curam
715 2376 862 2439 tribuens
882 2377 1062 2439 animarum
1082 2376 1322 2440 institutionem
1334 2375 1387 2460 ip—

331 2479 398 2541 sius
411 2477 570 2562 praedicto
580 2476 692 2540 abbati
705 2476 859 2540 remittat
905 2477 975 2543 Qui
989 2499 1063 2540 cum
1077 2477 1269 2541 auctoritate
1282 2477 1387 2560 ipsius

331 2578 474 2664 episcopi
488 2580 645 2642 decanum
665 2578 817 2641 instituet
837 2578 995 2663 predictis
1017 2579 1124 2661 leugae
1149 2578 1235 2641 circa
1258 2600 1386 2642 monas·

329 2681 450 2745 terium
479 2680 665 2766 adjacentis,
700 2691 735 2744 et
757 2681 928 2744 institutus
951 2680 1064 2743 habita
1087 2680 1314 2764 jurisdictione
1343 2681 1386 2744 ab

330 2784 480 2868 episcopo
497 2781 675 2859 Cicestriae,
699 2783 739 2845 de
759 2783 862 2845 causis
882 2783 1033 2845 omnibus
1053 2781 1140 2845 infra
1159 2783 1289 2866 leugam
1308 2805 1385 2845 ean·

329 2885 404 2948 dam
417 2885 518 2948 libere
533 2894 568 2947 et
577 2883 725 2947 absolute
740 2895 909 2967 cognoscat
923 2895 957 2947 et
971 2885 1133 2960 terminet,
1146 2885 1232 2948 sicut
1244 2884 1386 2948 rationa-

329 2987 438 3049 biliter
464 3007 517 3047 eas
537 2983 656 3046 viderit
676 2984 903 3062 terminandas,
930 2985 1079 3070 exceptis
1106 2986 1326 3050 criminalibus
1352 2997 1388 3049 et

328 3085 617 3153 matrimonialibus
641 3085 761 3162 causis3
786 3109 866 3170 quas
881 3108 955 3150 cum
970 3098 1051 3152 ortae
1071 3087 1196 3152 fuerint
1214 3089 1385 3173 episcopus

326 3190 381 3253 vel
403 3189 476 3274 ejus
490 3187 635 3253 officialis
657 3198 752 3251 extra
772 3188 901 3272 leugam
926 3189 1028 3274 ipsam
1053 3190 1166 3253 audiat
1190 3201 1225 3254 et
1244 3190 1383 3266 decidat,

327 3293 475 3378 predicto
496 3292 617 3355 decano
640 3289 687 3354 eis
710 3290 922 3354 nibilominus
945 3292 981 3354 in
1004 3313 1115 3354 earum
1141 3292 1383 3376 cognitionibus

328 3395 498 3470 assidente,
513 3416 573 3457 nec
587 3403 696 3456 tamen
711 3391 901 3469 diffiniente,
920 3404 954 3455 et
969 3403 1035 3456 tam
1054 3393 1198 3478 ipsarum
1218 3393 1383 3458 matrimo-

327 3496 462 3559 nialium
477 3505 511 3558 et
524 3493 740 3558 criminalium
755 3515 934 3572 causan1m‚
950 3518 1047 3579 quam
1062 3506 1096 3558 et
1110 3495 1246 3558 aliarum
1260 3495 1383 3558 emolu·

327 3606 474 3662 mentum
498 3597 539 3658 ad
561 3595 711 3658 abbatem
733 3595 835 3658 libere
858 3618 895 3659 ac
915 3597 1041 3682 integre
1064 3597 1271 3662 redundabit
1324 3589 1383 3661 Liss

327 3707 399 3761 ceat
412 3697 544 3780 insuper
558 3696 592 3758 in
604 3696 768 3780 praedictis
791 3697 894 3760 causis
916 3697 980 3762 hiis
1001 3699 1058 3783 qui
1081 3699 1122 3762 de
1137 3699 1212 3784 jure
1226 3709 1383 3784 poterunt

326 3801 367 3864 ab
396 3799 512 3862 abbate
543 3819 602 3860 seu
634 3798 755 3860 decano
784 3799 938 3882 predictis
972 3801 1012 3863 ad
1046 3802 1267 3885 supradictum
1297 3802 1382 3886 epis-

326 3923 443 3986 copum
467 3899 639 3985 appellare.
684 3899 848 3963 Conectio
861 3939 865 3946 ·
878 3923 1010 3986 quoque
1034 3902 1147 3965 decani
1172 3903 1317 3988 ejusdem
1339 3904 1381 3966 ad

324 4005 475 4069 abbatem
496 4001 657 4065 ordinarie
678 4011 815 4085 spectet,
836 4002 972 4085 quod-si
992 4003 1208 4066 denunciante
1225 4003 1379 4088 episcopo

324 4105 462 4172 eundem
489 4103 647 4187 corrigere
679 4103 873 4188 neglexerit,
901 4105 1156 4188 delinquentem,
1183 4116 1262 4169 tunc
1292 4107 1380 4190 epis·

325 4229 425 4292 copus
438 4205 507 4289 ipse
523 4204 661 4288 corrigat
681 4227 757 4268 eum
778 4206 1014 4270 rationabiliter
1028 4229 1064 4270 ac
1080 4207 1227 4273 discrete.
1273 4208 1379 4271 Tene-

322 4322 396 4375 atur
422 4306 520 4369 etiam
551 4305 645 4370 idem.
667 4306 807 4372 decanus
833 4309 982 4372 accedere
1019 4309 1060 4372 ad
1087 4309 1247 4392 synodum
1270 4309 1375 4393 ipsius
