3278 5162
501 537 725 644 nounsrnnn
750 581 799 632 nn
825 581 947 632 antro.
1188 569 1251 632 113

199 725 280 790 rima
299 739 391 813 parte
412 719 602 815 superstites
623 732 772 808 fuissent,
789 733 931 816 quidam,
957 731 1077 816 quibus
1092 733 1255 796 territoria

199 829 235 891 in
261 830 380 912 quibus
405 833 527 896 eaedem
553 833 695 895 ecclesiae
723 833 793 896 sitae
820 834 982 910 videntur,
1013 843 1126 918 postea
1156 856 1254 917 quam

200 928 324 994 effectae
343 937 424 996 ‘sunt
447 934 570 998 dotales
593 957 612 998 a
635 936 775 1019 regibuS,
800 957 948 1021 concessa
971 945 1058 1011 sunt,
1075 937 1130 1019 jus
1145 945 1254 1020 patro-
1312 965 1317 972 ·

200 1043 295 1096 natus
316 1034 358 1114 in⁴
374 1035 452 1119 ipsis
477 1035 619 1099 ecclesiis
644 1039 843 1120 quaerebant.
890 1036 1035 1121 Agentes
1053 1037 1163 1120 itaque
1178 1037 1253 1121 plus

200 1155 259 1216 pro
282 1135 448 1201 voluntate
472 1160 568 1221 quam
589 1161 648 1222 pro
668 1138 803 1214 ratione,
831 1160 912 1220 quos
931 1137 1104 1201 voluerunt
1124 1139 1253 1203 institui

199 1234 357 1314 fecerunt,
382 1239 516 1302 ecclesia
540 1239 641 1302 sancti
665 1239 802 1302 Martini
825 1239 864 1302 de
881 1238 974 1302 Bello
997 1241 1129 1324 penitus
1154 1228 1253 1304 desti-

201 1347 282 1400 tuta.
326 1339 482 1424 Exempli
496 1341 597 1424 igitur
611 1341 723 1425 gratia.

244 1439 312 1502 Sub
328 1440 386 1504 hac
409 1442 597 1506 hostilitatis
617 1453 808 1532 tempestate
833 1454 902 1506 erat
925 1445 1061 1528 quidam
1086 1445 1401 1560 Robertusproeeeunp

199 1539 240 1601 de
256 1538 470 1626 Crevequeor,
494 1544 543 1626 vir
563 1545 695 1627 quidem
719 1545 896 1608 secundum
920 1545 1005 1608 idem
1026 1556 1155 1630 tempus
1169 1523 1417 1631 prae-llffiuf

198 1653 314 1724 potens
343 1654 376 1705 et
404 1645 513 1728 magni
528 1645 678 1723 nominis,
710 1646 767 1730 qui
793 1647 955 1730 quoddam
983 1647 1068 1732 regis
1091 1648 1253 1731 praedium
1265 1622 1391 1682 mdd‘ffle'
1452 1651 1455 1658 ’

199 1743 402 1808 Middehale¹
412 1747 546 1825 seilicet,
560 1770 603 1810 ex
614 1747 698 1830 regis
707 1747 864 1832 Stephani
875 1748 1046 1832 largitione
1056 1748 1251 1834 possidebat.

202 1844 305 1930 Cujus
326 1848 483 1912 territorii
504 1849 636 1912 ecclesia
657 1871 722 1912 una
742 1859 810 1913 erat
830 1872 874 1913 ex
889 1850 1053 1914 dotalibus
1068 1850 1211 1914 ecclesiis
1234 1873 1254 1914 a

118 2027 119 2030 Ἴ
198 1969 273 2031 rege
289 1947 457 2013 Willehno
472 1952 611 2014 secundo
626 1951 662 2016 in
676 1951 877 2015 dedicatione
892 1941 1035 2016 ecclesiae
1050 1953 1151 2016 sancti
1163 1953 1253 2015 Mar-

200 2049 263 2111 tini
287 2050 326 2113 de
342 2049 436 2113 Bello
462 2053 629 2117 concessis.
675 2052 862 2117 Decedente
886 2076 961 2117 vero
985 2053 1087 2137 ipsius
1108 2053 1252 2118 ecclesiae
1266 2089 1388 2129 amm

200 2150 239 2213 de
261 2151 450 2216 Middehale
470 2177 616 2238 persona,
640 2155 816 2240 jamdictus
840 2155 1006 2218 Robertus
1022 2157 1078 2239 jus
1101 2166 1252 2239 patrona-¹
1265 2139 1390 2229 llfflm

199 2262 252 2316 tus
266 2255 301 2316 in
317 2277 354 2317 ea
368 2255 549 2334 vendicans,
572 2256 612 2319 de
627 2256 740 2341 rapina
754 2256 828 2321 Deo
842 2256 987 2320 victimas
1010 2257 1158 2333 offerens,
1265 2239 1344 2279 ¹¹¹¹³¹⁸²¹
1365 2239 1380 2278 b

198 2357 357 2420 canonicis
372 2357 412 2420 de
427 2357 547 2421 Ledes²
558 2359 714 2422 concessit
729 2369 762 2422 et
777 2358 986 2422 confirmavit.
1019 2358 1096 2425 Quo
1110 2358 1251 2442 cognito,
1264 2351 1360 2392 '‘quw''

198 2457 247 2520 vir
261 2459 453 2522 venerabilis
468 2461 565 2524 abbas
581 2461 759 2538 Walterus,
778 2484 865 2524 nuno
879 2460 1053 2546 praefatum
1069 2461 1253 2526 Robertum

196 2581 295 2643 super
320 2561 442 2646 injusta
464 2561 640 2639 invasione,
669 2585 756 2626 nunc
787 2564 956 2626 canonicos
985 2586 1083 2646 super
1111 2563 1254 2626 violenta

198 2661 390 2741 intrusione,
417 2673 451 2725 et
473 2665 681 2727 restitutione
705 2665 852 2729 facienda
876 2665 1037 2742 convenit,
1062 2686 1121 2727 neo
1151 2665 1253 2749 impe-

199 2763 305 2828 travit.
352 2764 522 2831 Quaeritur
541 2765 616 2829 hinc
636 2766 767 2852 justitia
787 2766 914 2850 regalis,
939 2766 1014 2829 inde
1030 2766 1253 2844 ecclesiastica,

198 2866 254 2928 sed
267 2865 475 2930 habundante
490 2868 664 2952 iniquitate
680 2869 721 2931 ad
736 2879 864 2954 tempus
879 2891 945 2932 non
960 2868 1134 2930 invenitur.
1162 2865 1254 2952 Rege

199 2967 366 3052 Stephano
396 2970 581 3048 decedente,
610 2970 807 3054 etpacifico
837 2992 912 3053 rege
944 2969 1089 3033 Henrico
1114 2970 1254 3034 secundo

197 3071 399 3161 succedente,
423 3071 586 3135 hostilitas
607 3073 795 3156 expellitur,
820 3095 887 3157 pax
899 3072 1095 3156 jampridem
1116 3073 1255 3156 expulsa

196 3184 374 3236 revocatur.
420 3173 532 3236 Abbas
548 3196 623 3256 ergo
639 3185 766 3258 tempus
778 3183 975 3258 oportunum
990 3184 1114 3250 nactus,
1132 3173 1254 3257 quippe

198 3296 272 3336 oum
294 3275 456 3358 justitiam
477 3275 635 3358 paulatim
648 3275 757 3358 vigore
772 3284 938 3357 resumpto
953 3273 1102 3336 reflorere
1118 3274 1253 3352 videret,

198 3398 326 3439 causam
341 3398 432 3438 suam
457 3399 544 3440 nunc
567 3377 602 3440 in
625 3376 714 3438 curia
737 3375 849 3458 regali,
876 3397 962 3437 nunc
979 3375 1013 3437 in
1029 3374 1253 3452 ecclesiastica,

196 3477 414 3540 ventilandam
429 3476 576 3562 exponit.
623 3475 777 3539 Canonici
791 3499 865 3539 vero
880 3487 1016 3560 patrono
1032 3499 1091 3539 suo
1107 3477 1253 3540 Roberto

197 3579 321 3642 scilicet
345 3580 413 3664 jam
443 3577 602 3655 destituti,
633 3577 681 3640 nil
707 3577 769 3643 sibi
798 3600 988 3662 prosperum
1018 3579 1053 3640 in
1078 3578 1138 3641 hac
1161 3589 1252 3662 parte

196 3692 370 3766 sperantes,
394 3703 454 3765 pro
477 3679 600 3742 viribus
624 3690 733 3742 tamen
757 3667 965 3742 restiterunt,
1008 3679 1074 3744 Sed
1089 3702 1163 3744 cum
1183 3681 1252 3765 jam

196 3783 322 3847 nullum
347 3793 431 3846 esset
454 3783 636 3866 diffugium,
663 3782 704 3844 ad
731 3782 839 3846 sedem
860 3782 1067 3867 apostolicam
1097 3782 1251 3866 utrinque

198 3896 248 3948 est
270 3883 479 3968 appellatum.
526 3884 726 3948 Praesidebat
751 3894 828 3947 tunc
856 3885 1010 3968 temporis
1027 3884 1186 3952 Ronunae
1201 3906 1251 3946 ec-

197 3986 304 4050 clesiae
327 4007 412 4068 papa
426 3984 600 4064 Adrianus,
624 3985 664 4048 ad
687 3987 780 4070 cujus
805 3985 1005 4048 audientiam
1031 4007 1125 4048 causa
1148 3985 1252 4047 venti-

195 4089 291 4154 landa
314 4086 474 4169 dirigitur.
519 4087 688 4150 Ventilata
707 4087 807 4170 igitur
818 4089 886 4171 jam
902 4087 1093 4171 aliquandiu
1108 4108 1203 4150 causa
1217 4085 1252 4154 in

196 4191 285 4254 curia
300 4189 460 4267 Romana,
481 4189 611 4252 tandem
633 4189 767 4252 definito
783 4188 928 4265 consilio,
955 4187 1064 4252 nuntii
1087 4188 1144 4272 qui
1160 4189 1201 4251 ob
1218 4188 1253 4254 in

233 4323 239 4354 ¹
260 4323 291 4379 In
304 4322 412 4376 Suffolh.
443 4323 491 4375 See
501 4341 526 4392 p.
539 4326 583 4375 41.
766 4321 776 4350 ²
795 4319 921 4372 Founded
933 4320 968 4390 by
981 4319 1078 4372 Robert
1095 4320 1127 4372 de
1147 4319 1252 4391 crepito

731 4390 814 4469 Corde
827 4390 1014 4462 (Crevequeor)
1027 4391 1054 4447 in
1068 4394 1146 4446 1119.
1234 4419 1237 4424 ,

1110 4499 1122 4546 1
