3278 5162
351 591 415 655 112
651 599 822 652 maroam
846 581 1095 650 suspiriosis

350 755 430 841 quid
452 753 492 817 de
518 753 589 837 ejus
615 749 806 828 substantia,
831 758 870 812 ut
884 748 971 812 credi
993 757 1113 832 potest,
1134 745 1328 812 monasterio
1344 743 1405 812 sud

349 856 488 920 conferri
517 854 694 938 cupientes,
724 874 799 936 rege
828 850 928 928 adito,
956 849 1090 913 tollendi
1116 860 1151 913 et
1173 851 1261 935 apud
1284 873 1318 914 se
1342 850 1406 914 hu-

350 957 459 1022 mandi
483 957 615 1020 cadaver
638 955 727 1026 illius
748 953 912 1017 licentiam
940 954 1150 1037 quaesierunt.
1197 952 1326 1019 Quibus
1338 975 1407 1022 ¹rex

351 1061 504 1125 affectum
531 1080 627 1124 suum
641 1057 726 1121 circa
750 1079 825 1119 eum
846 1054 908 1118 hoc
931 1057 1029 1118 modo
1054 1055 1233 1132 insinuans,
1257 1062 1278 1094 “
1293 1054 1403 1133 Mea,”

350 1163 477 1247 inquit,¹
494 1162 594 1225 “erit
619 1162 689 1245 ejus
714 1160 903 1234 substantia,
928 1169 1071 1222 vestrum
1092 1159 1135 1221 sit
1164 1160 1235 1244 ejus
1260 1159 1405 1236 cadaver,

352 1267 535 1330 daemonum
549 1264 668 1328 inferni
682 1264 790 1327 anima
803 1263 936 1349 ipsius.”
967 1263 1053 1327 Ecce
1068 1263 1206 1327 dolenda
1218 1261 1405 1339 retributio,

352 1390 425 1430 ecce
441 1367 506 1430 tani
520 1365 571 1429 sui
587 1389 684 1450 quam
698 1365 888 1431 substantiae
903 1388 971 1429 suae
986 1365 1178 1429 miserabilis
1191 1363 1278 1428 facta
1299 1363 1407 1427 distri.

290 1547 293 1554 1
351 1469 464 1534 butio!
520 1468 627 1531 Datur
650 1468 726 1532 hinc
752 1467 972 1551 quarumlibet
988 1477 1192 1552 ,potestatum
1215 1465 1408 1530 officialibus

352 1571 414 1634 sibi
428 1569 630 1656 praecavendi
645 1571 789 1648 materia,
805 1570 884 1632 dum
897 1569 985 1633 hunc
1000 1570 1040 1632 de
1066 1593 1132 1654 quo
1153 1591 1257 1632 sermo
1284 1579 1333 1631 est
1357 1578 1407 1631 at-

352 1675 515 1740 tenderint
537 1695 581 1736 ex
604 1672 812 1756 malignitatis
827 1694 895 1736 suae
921 1671 1085 1756 operibus,
1110 1695 1129 1735 a
1152 1693 1228 1755 rege
1251 1670 1305 1734 cui
1333 1669 1405 1754 pla-

353 1791 424 1841 'cere
453 1775 590 1852 studuit,
620 1773 703 1836 nihil
731 1774 906 1858 gratiarum
941 1784 999 1837 aut
1027 1773 1106 1837 boni
1131 1773 1265 1837 affectus
1294 1796 1406 1837 conse-

351 1893 464 1943 cutum
487 1898 567 1953 esse,
590 1877 646 1940 sed
671 1886 705 1938 et
734 1875 874 1940 coelestis
904 1873 1006 1959 Regis
1040 1875 1193 1939 offensam
1221 1876 1404 1940 incurrisse.

353 1981 417 2045 His
440 1980 552 2064 igitur,
578 2001 653 2065 quae
679 2001 738 2063 per
760 1978 992 2062 digressionem
1017 1978 1171 2055 diximus,
1193 2000 1232 2041 eo
1260 1979 1349 2062 quod
1363 1978 1402 2041 ad

351 2106 420 2146 rem
445 2083 552 2144 minus
576 2091 719 2166 spectare
739 2080 899 2157 videntur,
923 2080 1059 2157 omissis,
1083 2081 1124 2144 ad
1138 2102 1177 2143 ee
1191 2102 1265 2165 quoe
1281 2080 1321 2143 de
1335 2081 1406 2143 viro

351 2185 527 2252 venerabili
541 2185 657 2248 abbate
672 2183 821 2247 Waltero
837 2193 960 2246 restant
973 2184 1108 2247 dicenda
1122 2183 1301 2247 redeamus.
1341 2182 1408 2246 Sed

353 2288 650 2373 quoniamecclesia
671 2287 772 2350 sancti
794 2285 932 2349 Martini
953 2287 992 2349 de
1016 2285 1122 2365 Bello,
1138 2287 1223 2350 sicut
1245 2295 1279 2349 et
1294 2308 1407 2370 quarn-

350 2390 461 2476 plures
489 2411 548 2473 per
579 2388 734 2472 Angliam
768 2388 912 2451 ecclesiae
946 2388 1134 2452 hostilitatis
1169 2397 1315 2472 tempore
1345 2387 1407 2450 sub

351 2514 426 2574 rege
448 2489 624 2575 Stephano,
649 2511 708 2552 suo
727 2490 803 2574 jure
829 2489 1055 2575 multipliciter
1074 2502 1124 2554 est
1146 2490 1292 2576 spoliata,
1318 2490 1408 2574 quod

351 2594 507 2657 redeunte
538 2593 745 2678 postmodum
772 2615 852 2677 pace
880 2593 940 2655 sub
963 2593 1132 2676 magnifico
1154 2615 1228 2677 rege
1260 2592 1406 2656 Henrico

352 2696 504 2774 secundo,
529 2718 588 2780 per
614 2696 759 2781 ejusdem
782 2695 908 2758 abbatis
934 2696 1126 2759 industriam
1149 2710 1199 2759 est
1222 2702 1404 2772 consecuta,

352 2820 479 2862 necesse
495 2807 545 2862 est
558 2798 592 2860 in
608 2797 742 2880 singulis
756 2798 853 2860 rebus
866 2797 1007 2862 breviter
1022 2797 1271 2880 summatimque
1282 2799 1406 2882 justam

351 2900 498 2985 inprimis
534 2899 777 2984 possessionem,
807 2898 1026 2983 injustamque
1055 2899 1262 2984 postmodum
1289 2899 1407 2983 spolia-

351 3000 473 3065 tionem
486 3001 675 3083 frequenter
698 3000 739 3063 ad
763 3001 930 3083 praeterita
950 3012 1096 3086 tempora
1115 3002 1308 3066 recurrendo
1329 3002 1408 3065 insi-

350 3121 462 3180 nuare,
492 3101 590 3164 utin
615 3101 831 3165 restitutionis
857 3103 1051 3166 executione
1076 3103 1180 3189 possit
1202 3125 1253 3167 res
1275 3103 1407 3190 plenius

351 3200 539 3268 elucescere.

395 3305 563 3391 Superiori
588 3305 751 3390 digestum
775 3315 825 3368 est
846 3307 1054 3386 narratione,¹
1069 3307 1274 3372 Willelmum
1295 3331 1406 3392 regem

350 3407 454 3471 incliti
469 3407 553 3490 regis
567 3407 729 3471 Willelmi
745 3405 875 3492 Angliae
892 3409 1130 3492 conquisitoris,
1157 3420 1192 3473 et
1207 3409 1350 3474 ecclesiae
1366 3411 1406 3473 de

352 3509 446 3574 Bello
484 3508 665 3571 fundatoris
705 3509 821 3586 filium,
857 3509 1055 3573 dedicationi
1089 3512 1234 3596 ejusdem
1263 3511 1406 3575 ecclesiae

351 3610 546 3686 interfuisse,
573 3610 669 3693 eique
694 3611 729 3673 in
755 3612 864 3675 dotem
886 3613 1040 3695 quasdam
1063 3613 1213 3676 ecclesias
1241 3613 1277 3676 in
1302 3614 1406 3678 fundo

352 3711 486 3776 dominii
510 3711 560 3773 sui
585 3710 620 3773 in
644 3709 866 3790 Northfolkia,
895 3712 1094 3793 Suthfolkia,
1118 3726 1152 3778 et
1166 3714 1306 3779 Essexia
1330 3717 1407 3780 sitas

351 3813 553 3890 concessisse,
581 3812 627 3875 ita
660 3813 792 3898 quidem
828 3825 867 3877 ut
895 3817 1040 3900 personis
1069 3815 1301 3882 decedentibus
1331 3837 1406 3903 quae

349 3916 441 4002 prius
464 3914 624 3980 institutae
650 3925 751 3993 erant,
775 3916 814 3979 de
839 3926 956 3980 caetero
982 3926 1048 3982 tam
1072 3929 1263 4003 personatus
1285 3943 1407 3998 earum,

351 4041 449 4104 quam
474 4029 508 4082 et
531 4018 658 4081 fructus
682 4041 725 4081 ex
751 4017 798 4080 eis
820 4019 1057 4103 provenientes,
1081 4021 1225 4085 ecclesiae
1249 4022 1289 4085 de
1313 4022 1408 4086 Bello

350 4120 584 4207 perpetualiter
604 4120 764 4184 cederent.
812 4119 961 4186 Quarum
984 4141 1131 4206 personae
1146 4146 1221 4187 cum
1245 4124 1408 4208 usquead

350 4221 539 4286 hostilitatis
555 4240 630 4306 quae
645 4231 714 4285 erat
730 4221 790 4287 sub
811 4243 886 4306 rege
903 4221 1069 4308 Stephano
1084 4234 1241 4311 tempora,
1267 4247 1310 4289 ex
1333 4226 1409 4312 plu-

809 4421 817 4451 ¹
836 4420 884 4474 See
896 4439 921 4492 p.
930 4424 974 4476 41.
