3240 5154
585 976 872 1049 APPENDIX.

699 1175 770 1260 (A.)

211 1373 436 1418 nouuonrrou
452 1373 614 1417 canarno
629 1371 674 1418 ro
690 1372 825 1416 serron
842 1373 967 1431 runnu,
984 1371 1079 1418 snou
1100 1353 1261 1418 snconu's

511 1458 683 1528 'nomon
707 1484 749 1528 or
773 1483 931 1527 nnounu.

254 1885 487 1950 Wrnmnmuus
513 1884 577 1948 Dei
605 1885 708 1968 gratia
729 1907 791 1948 rex
819 1883 1013 1969 Anglorum,
1046 1895 1112 1949 tam
1145 1885 1267 1950 clericis

214 2008 311 2071 quam
324 1987 413 2051 laicis
427 2010 486 2072 per
501 1986 653 2072 Angliam
668 1987 852 2050 constitutis
867 1987 1027 2050 salutem.¹

256 2089 382 2153 Notum
402 2090 445 2153 sit
464 2089 555 2154 vobis
574 2111 626 2152 me
647 2089 838 2153 concessisse
859 2099 893 2152 et
907 2089 1120 2166 confirmasse,
1136 2111 1267 2152 assensu

211 2191 385 2256 Lanfranci
413 2191 645 2277 archiepiscopi
673 2190 912 2255 cantuariensis
938 2200 973 2253 et
1003 2189 1152 2274 stigandi
1182 2191 1266 2276 epis-

212 2294 285 2380 copi
310 2294 531 2372 Cicestrensis‚
559 2305 593 2357 et
616 2293 751 2357 consilio
772 2293 869 2356 etiam
896 2293 1121 2378 episcoporum
1147 2314 1184 2356 ac
1210 2293 1266 2355 ba-

208 2418 324 2460 ronum
338 2418 494 2473 meorum,
509 2405 548 2458 ut
562 2394 695 2458 ecclesia
711 2393 822 2458 Sancti
833 2393 971 2458 Martini
986 2394 1025 2456 de
1041 2394 1145 2472 Bello,
1169 2415 1267 2478 quam

211 2498 345 2562 fundavi
367 2521 411 2560 ex
431 2507 508 2560 voto
528 2498 570 2561 ob
592 2496 760 2560 victoriam
781 2519 879 2580 quam
900 2497 981 2559 mihi
998 2496 1090 2559 Deus
1104 2497 1139 2560 in
1153 2496 1267 2559 eodem

210 2599 282 2663 loco
298 2599 447 2675 contulit,
462 2598 565 2661 libera
586 2598 630 2660 sit
653 2607 687 2660 et
712 2596 825 2680 quieta
845 2596 880 2659 in
901 2607 1097 2680 perpetuum
1117 2598 1157 2660 ab
1178 2597 1267 2659 omni

212 2701 367 2764 servitute
383 2709 416 2762 et
431 2699 581 2762 omnibus
596 2719 810 2781 quaecumque
826 2696 967 2760 humana
981 2719 1071 2760 mens
1083 2697 1267 2781 excogitare

212 2811 331 2887 potest,
347 2824 420 2865 cum
436 2801 586 2864 omnibus
602 2799 816 2884 dignitatibus
831 2808 866 2861 et
880 2798 1269 2882 consuetudinibusrega·

212 2905 300 2970 libus
319 2927 399 2989 quas
425 2903 456 2966 ei
478 2903 578 2986 regali
593 2902 787 2966 auctoritate
803 2900 944 2964 concessi
967 2899 1051 2963 sicut
1065 2911 1162 2964 cartae
1185 2921 1267 2964 meae

212 3017 381 3071 testantur.
404 3005 491 3070 Volo
505 3005 617 3089 itaque
633 3014 668 3067 et
681 3004 817 3068 firmiter
825 3003 980 3088 praecipio
993 3015 1154 3086 quatenus
1167 3003 1268 3066 eccle-

214 3109 260 3172 sia
279 3107 347 3184 illa,
371 3127 446 3168 cum
459 3105 556 3188 leuga
569 3106 820 3189 circumquaque
847 3106 1024 3189 adjacente,
1051 3104 1154 3168 libera
1168 3106 1211 3170 sit
1226 3107 1267 3169 ab

214 3209 302 3272 omni
325 3205 544 3270 dominatione
567 3217 602 3269 et
624 3207 830 3290 oppressione
856 3206 1091 3290 episcoporum,
1112 3207 1197 3270 sicut
1210 3207 1267 3270 illa

215 3333 290 3394 quae
304 3308 386 3371 mihi
401 3330 550 3372 coronam
565 3307 693 3386 tribuit,
704 3317 738 3370 et
754 3329 813 3391 per
834 3329 931 3390 quam
945 3307 1035 3390 viget
1052 3307 1150 3371 decus
1164 3309 1267 3372 nostri

214 3409 389 3495 regiminis·
434 3409 505 3474 Nec
530 3409 627 3472 liceat
653 3409 804 3494 episcopo
831 3407 1034 3486 Cicestrensi,
1059 3410 1204 3493 quamvis
1232 3411 1267 3474 in

250 3577 318 3630 1Οι]
341 3575 393 3628 this
415 3574 522 3642 charter,
556 3574 651 3628 Seiden
670 3575 716 3628 ob-
764 3593 836 3644 num,
861 3575 946 3645 sigillo
969 3575 1037 3644 regis
1063 3593 1183 3647 appenso,
1214 3594 1268 3630 ser-

213 3663 314 3700 serves:
329 3648 344 3678 ‘⁴
357 3645 476 3711 Quantus
489 3645 551 3698 item
563 3645 717 3698 fueritGui-
765 3653 838 3697 vatur
858 3645 886 3697 in
904 3644 1023 3698 thesauro
1044 3647 1172 3716 quantivis
1208 3648 1267 3700 retii

213 3716 318 3769 lielmus
335 3715 385 3768 iste
403 3715 430 3767 in
443 3715 552 3785 imperio
567 3715 635 3785 quod
648 3715 717 3768 'circs
766 3714 930 3783 cottoniano,
954 3714 1140 3786 subjungcm.’'
1219 3726 1266 3770 otae

215 3803 287 3839 sccrs
306 3784 450 3852 exercebat,
471 3784 556 3854 palam
569 3785 655 3838 videre
676 3793 716 3837 cst
765 3784 798 3838 ad
811 3784 904 3838 Eadm.
916 3802 943 3855 p.
957 3788 1017 3840 165.

215 3855 242 3907 in
267 3854 407 3925 diplomate
436 3856 500 3922 ejus,
525 3873 576 3924 quo
597 3855 715 3908 coenobio

215 3924 284 3994 quod
297 3923 391 3977 cbello
403 3923 490 3992 inquo
500 3923 562 3976 vicit
572 3923 715 3976 Heraldum
796 3924 872 3975 Some
880 3923 1066 3994 veryvaluabie
1075 3924 1214 3976 remarksu
1232 3943 1265 3976 on

214 3994 247 4046 od
268 3993 341 4046 littus
361 3993 546 4044 Sussexianum
558 3992 717 4044 denominari
766 3992 818 4044 this
835 3991 934 4044 charter
946 3992 999 4044 will
1017 3992 1071 4045 also
1090 3993 1123 4046 be
1140 3993 1202 4046 foun
1237 3995 1264 4046 iu

216 4063 304 4128 voluit,
316 4061 427 4133 plurimo
435 4061 627 4132 privilegiatam
637 4062 716 4114 sceris
766 4061 807 4114 Sir
825 4061 915 4131 Henry
927 4061 1071 4132 Spelmcn's
1091 4062 1173 4132 larger
1194 4063 1265 4116 work

216 4133 307 4186 officiis
327 4147 404 4201 quam
420 4129 616 4184 'urisdictiouie
634 4131 716 4202 iscopi
765 4130 1060 4201 uponTithes,showing
1069 4131 1125 4184 that
1133 4132 1186 4185 this
1195 4133 1267 4204 King

216 4201 386 4256 cicestrensis
405 4149 561 4270 derogantis,
579 4148 647 4270 styio
677 4218 716 4253 er·
766 4200 827 4253 took
839 4218 909 4270 upon
917 4200 1025 4252 himself
1042 4201 1166 4254 cfulness
1179 4203 1209 4254 of
1223 4221 1265 4256 ec-

215 4289 292 4342 quem
311 4269 449 4340 imperioso
474 4269 610 4324 concessit.
681 4269 716 4322 ud
766 4269 920 4322 clesisstical
929 4287 1015 4340 power
1027 4270 1111 4324 which
1123 4271 1175 4324 had
1187 4290 1263 4326 never

214 4359 248 4394 ex
272 4342 329 4412 ipso
352 4337 510 4410 autographo
531 4338 601 4409 quod
625 4339 715 4392 ctiam-
766 4339 832 4392 been
842 4339 979 4393 witnessed
992 4339 1088 4395 before.
1125 4341 1155 4395 P.
1170 4345 1228 4396 186.
