3278 5162
378 570 422 631 82
682 576 853 630 mamati
877 574 1123 628 runnarroms

380 731 534 819 procedat
547 730 582 794 in
596 729 776 815 publicum,
792 728 888 808 dicat,
903 727 1026 806 audiat,
1041 727 1152 812 sieque
1167 749 1218 791 res
1232 725 1322 790 omni
1336 724 1439 790 dubio

381 845 517 910 remoto,
531 832 670 896 limitem
684 831 830 897 veritatis
844 829 1015 915 attingat.”

427 935 530 1000 Nullo
548 935 709 1020 igiturex
729 933 955 998 assistentibus
968 933 1127 996 rationem
1147 943 1259 996 contra
1271 931 1439 1008 reddente,

383 1040 440 1104 sed
464 1038 615 1103 omnibus
636 1037 734 1100 simul
753 1036 1013 1113 reclamantibus,
1031 1036 1130 1100 abbas
1150 1035 1329 1099 orationem
1350 1055 1441 1097 suam

382 1140 601 1229 prosequitur.
646 1138 848 1202 “Soedulam
868 1159 967 1222 quam
986 1137 1077 1201 vobis
1091 1137 1350 1223 perscribendam
1369 1134 1440 1199 exi-

384 1244 462 1330 gitis
483 1264 592 1328 neque
620 1241 743 1306 domini
767 1261 862 1326 papae
886 1239 1005 1305 litteris
1032 1239 1094 1304 hoc
1119 1239 1214 1304 nobis
1237 1238 1443 1323 designatum

385 1357 522 1424 constat,
544 1367 605 1409 nec
628 1344 714 1409 ratio
738 1343 833 1407 nobis
858 1342 968 1428 aliqua
989 1354 1029 1407 ut
1053 1343 1270 1428 perscribatur
1290 1339 1440 1405 occurrit.

387 1448 477 1517 Quia
488 1470 566 1514 vero
579 1446 705 1510 ratione
725 1445 867 1509 dictante
883 1468 1027 1531 paceque
1049 1445 1232 1510 dilectionis
1244 1453 1360 1508 vestrae
1374 1464 1443 1506 om-

386 1552 442 1617 nia
460 1549 608 1615 concludi
621 1549 749 1626 vellem,
765 1570 846 1634 rogo
870 1548 1023 1633 quatinus
1042 1548 1182 1612 induciae
1205 1547 1299 1612 nobis
1313 1547 1442 1623 dentiu,

387 1676 454 1740 quo
468 1651 636 1716 dominum
649 1660 797 1716 nostrum
816 1673 926 1735 regem
940 1651 976 1714 in
995 1650 1214 1716 transmarinis
1228 1649 1442 1714 constitutum

386 1755 560 1842 partibus,¹
574 1755 668 1838 cujus
687 1752 809 1838 capella
828 1753 989 1817 dominica
1002 1763 1037 1817 et
1055 1753 1183 1838 signum
1197 1771 1324 1817 coronae
1343 1749 1442 1835 regiae

388 1856 522 1922 ccclesia
541 1865 652 1919 nostra
676 1875 745 1919 esse
768 1855 956 1932 dinoscitur,
971 1856 1060 1920 adire
1081 1855 1251 1942 possimus,
1274 1856 1346 1941 ejus
1359 1875 1444 1940 prae·

389 1969 521 2045 ceptum
549 1980 646 2044 super
659 1957 722 2022 hoc
740 1958 894 2036 audituri,
915 1958 1078 2044 simulque
1098 1958 1232 2024 consilio
1250 1957 1354 2044 ipsius
1374 1955 1443 2041 epi-

391 2063 481 2148 scopi
496 2061 618 2126 Hilarii
632 2061 686 2124 cui
704 2060 855 2125 dominus
868 2083 952 2146 papa
973 2083 1040 2124 non
1052 2061 1145 2126 robis
1159 2071 1199 2126 nt
1221 2061 1365 2125 debitam
1388 2081 1445 2123 ex·

389 2166 559 2230 hibeamus
573 2163 791 2228 obedientiam
811 2164 978 2250 praecepit,
996 2164 1047 2228 uti
1067 2164 1174 2242 liceat,
1194 2173 1233 2228 ut
1247 2163 1355 2228 omnia
1368 2184 1445 2226 sano

391 2267 524 2331 oonsilio
538 2265 769 2351 compleantur.
814 2266 934 2352 Neque
949 2267 1036 2330 enim
1049 2289 1088 2330 ea
1103 2289 1179 2352 quae
1193 2267 1285 2331 vobis
1298 2276 1331 2330 et
1346 2265 1446 2330 eccle-

390 2369 448 2433 siae
468 2367 545 2431 huic
565 2367 691 2431 anobis
710 2367 850 2452 persolvi
873 2369 1033 2433 debentur
1048 2369 1249 2453 pessumdari
1263 2369 1370 2454 cupio,
1386 2390 1447 2431 nec

390 2479 534 2533 nostram
548 2490 592 2533 ex
605 2469 708 2533 libera
721 2468 870 2533 ancillam
883 2471 968 2534 effici
982 2481 1139 2557 praeopto.
1172 2471 1335 2535 Dominus
1348 2470 1446 2534 etiam

390 2594 452 2636 rex
471 2594 514 2635 ne
536 2593 634 2657 super
654 2571 706 2636 his
727 2571 850 2659 absque
873 2574 1018 2659 ejusdem
1037 2573 1247 2660 permissione
1273 2574 1447 2659 quiequam

391 2697 473 2739 ausu
487 2675 657 2740 temerario
670 2677 802 2760 aggredi
817 2686 1048 2762 temptaremus
1062 2677 1235 2762 prohibere
1249 2675 1404 2741 curavit.”
1436 2665 1439 2671 ¹

437 2775 599 2841 Omnibus
619 2776 722 2861 igitur
740 2777 886 2841 inducias
910 2779 985 2842 dare
1003 2779 1232 2857 abnuentibus,
1254 2779 1448 2864 quibusdam

392 2900 469 2942 vero
497 2878 713 2942 asserentibus
741 2877 909 2943 dominum
936 2901 1047 2964 regem
1073 2881 1227 2965 quatinus
1249 2881 1382 2946 ecclesia
1407 2883 1448 2946 de

394 2977 488 3041 Bello
505 2977 697 3041 cicestrensi
711 2978 856 3042 ecclesiae
866 2982 922 3065 jus
937 2981 1084 3046 debitum
1103 2983 1300 3068 persolveret
1312 2985 1377 3048 illis
1391 3007 1448 3049 au·

394 3078 559 3143 dientibus
579 3079 783 3164 praecepisse,
806 3091 841 3144 et
860 3082 977 3148 iccirco
996 3085 1141 3149 inducias
1159 3087 1234 3150 dare
1248 3086 1380 3152 minime
1395 3088 1451 3152 de-

392 3182 482 3259 bere,
508 3204 560 3246 res
582 3181 706 3246 diutius
726 3192 890 3267 protracta
913 3184 978 3248 fine
1003 3186 1103 3271 potiri
1124 3188 1283 3272 nequivit.
1336 3189 1449 3254 Abbas

392 3307 468 3348 vero
482 3284 517 3350 in
531 3285 593 3349 hoc
608 3295 647 3348 ut
666 3285 729 3349 sibi
748 3285 893 3350 inducias
914 3287 1028 3351 darent
1049 3311 1115 3372 quo
1132 3312 1243 3374 regem
1258 3313 1356 3376 super
1369 3292 1450 3357 illud

393 3386 579 3452 conveniret
592 3386 746 3472 perstitit,
754 3387 916 3473 simulque
926 3392 1196 3455 commemorabat
1211 3415 1245 3456 se
1261 3393 1300 3456 de
1315 3393 1367 3458 his
1380 3395 1452 3458 abs-

394 3509 459 3572 que
482 3489 614 3552 consilio
640 3497 675 3552 et
697 3489 830 3553 licentia
851 3489 989 3554 fratrum
1010 3513 1143 3556 suorum
1161 3494 1390 3560 monachorum
1411 3497 1450 3561 de

395 3588 490 3652 Bello
505 3590 680 3672 quicquam
693 3590 826 3653 minime
840 3600 989 3657 acturum
1003 3592 1083 3659 fore.
1125 3595 1266 3661 Dicebat
1275 3598 1372 3676 enim,
1389 3603 1451 3662 “se

395 3689 565 3753 mortalem
579 3712 648 3754 esse
663 3701 697 3755 et
719 3692 925 3772 moriturum,
951 3695 1118 3761 eeclesiam
1144 3720 1219 3763 vero
1240 3700 1280 3764 de
1296 3699 1392 3764 Bello
1415 3681 1449 3763 se

396 3791 550 3856 defuncto
571 3815 822 3878 permansuram,
845 3796 985 3881 ideoque
1006 3800 1130 3885 absque
1152 3802 1296 3886 ejusdem
1318 3802 1452 3867 consilio

395 3904 431 3959 et
444 3893 576 3960 lieentia
589 3919 623 3962 se
636 3897 684 3961 nil
697 3908 857 3979 actrmrm,
872 3899 1019 3966 inducias
1042 3902 1110 3966 dari
1124 3903 1194 3968 fore
1209 3905 1453 3970 necessarium.”

441 3996 512 4062 lllis
534 4007 643 4064 autem
669 4000 782 4065 multis
810 4002 914 4066 modis
940 4005 1245 4085 contradicentibus,
1275 4008 1453 4092 multisque

397 4101 565 4166 sententiis
579 4102 639 4167 hoo
654 4103 752 4167 etiam
767 4100 1032 4190 dijudicantibus,
1048 4108 1165 4173 abbate
1179 4109 1214 4173 in
1229 4109 1391 4174 sententia
1403 4110 1455 4173 in·

398 4203 564 4268 duciarum
580 4205 756 4271 dandarum
773 4208 977 4294 persistente,
998 4211 1138 4276 decanus
1157 4212 1287 4278 silentio
1302 4212 1454 4300 imposito

435 4345 444 4377 ¹
463 4345 587 4426 Engaged
605 4357 631 4399 at
651 4347 753 4403 chinon
777 4351 878 4420 against
890 4350 932 4407 his
950 4351 1055 4408 brother
1067 4353 1198 4426 Gcoffrey,
1219 4354 1298 4410 about
1316 4353 1369 4409 this
1385 4354 1458 4408 time.

401 4413 595 4486 SeeTrrvet‚p.
609 4420 653 4471 33.
1304 4477 1309 4486 .

1626 4221 1628 4257 r

1625 4297 1627 4354 1
