3240 5154
353 493 415 554 182
775 507 973 559 sirmiam.

350 653 437 718 illius
453 654 583 718 diocaesi
598 655 651 733 sit,
673 655 707 718 in
723 656 866 736 ecclesia,
880 657 930 722 vel
945 658 980 721 in
995 657 1146 721 maneriis
1161 659 1202 721 ad
1217 680 1287 721 earn
1302 657 1404 742 perti-

349 756 501 821 nentibus
516 781 560 820 ex
574 757 809 822 consuetudine
828 759 986 844 hospitari
1006 770 1118 824 contra
1131 759 1333 823 voluntatem
1346 759 1403 822 ab·

348 858 450 936 batis;
477 881 537 923 nec
558 859 775 924 ordinationes
791 860 915 945 aliquas
938 861 1059 924 ibidem
1080 861 1197 940 facere,
1226 883 1285 925 nec
1304 861 1402 924 abba-

349 960 428 1024 tiam
449 961 484 1024 in
501 963 611 1046 aliquo
627 983 769 1046 gravare.
815 961 882 1026 Sed
901 983 1009 1046 neque
1031 985 1129 1048 super
1143 963 1242 1040 illam,
1258 962 1402 1026 domina·

349 1063 471 1127 tionem
486 1065 628 1149 aliquam
642 1073 700 1127 aut
714 1064 780 1127 vim
794 1064 846 1128 vel
859 1074 1054 1149 potestatem
1070 1074 1233 1142 exerceat,
1246 1065 1303 1127 sed
1316 1064 1402 1127 sicut

348 1190 420 1232 mea
443 1169 604 1232 dominica
625 1167 758 1251 capella,
792 1168 895 1232 libera
918 1169 960 1231 sit
978 1169 1114 1242 ¹omnino
1139 1169 1181 1232 ab
1207 1168 1295 1232 omni
1329 1170 1402 1253 ejus

347 1271 527 1335 exactione.
573 1269 628 1333 Ad
650 1269 808 1353 synodum
823 1292 900 1334 vero
913 1270 1012 1333 abbas
1035 1271 1082 1333 ire
1112 1292 1178 1334 non
1200 1292 1402 1334 summonea-

347 1383 401 1436 tur
423 1395 483 1436 nec
508 1370 731 1457 compellatur,
760 1370 823 1434 nisi
852 1371 983 1456 propria
1011 1371 1177 1436 voluntate
1203 1394 1262 1457 pro
1289 1370 1401 1455 aliquo

346 1477 478 1560 negotio
492 1475 539 1539 ire
553 1475 703 1540 voluerit.
748 1474 820 1538 Neo
835 1474 1007 1538 monachos
1021 1497 1107 1552 suos,
1130 1474 1189 1540 ubi
1206 1474 1269 1538 sibi
1284 1497 1402 1559 oppor-

345 1578 457 1642 tmrius
476 1578 604 1656 viderit,
629 1577 669 1641 ad
694 1599 799 1640 sacros
813 1575 940 1640 ordines
959 1576 1141 1660 promoveri
1160 1576 1266 1640 facere
1290 1576 1402 1661 prohi-

344 1682 470 1745 beatur.
524 1678 596 1742 Neo
625 1678 776 1743 altarium
816 1676 1019 1756 sacrationes,
1049 1677 1318 1754 confirmationes,
1347 1677 1401 1741 vel

345 1781 507 1868 quaslibet
540 1779 736 1866 episcopales
764 1778 1018 1856 benedictiones,
1049 1779 1176 1843 abbatis
1204 1778 1256 1843 vel
1288 1801 1400 1842 mona·

344 1883 477 1948 chorum
491 1880 704 1966 requisitione
715 1903 735 1944 a
746 1879 894 1964 quolibet
903 1879 1055 1965 episcopo
1070 1880 1192 1944 ibidem
1204 1880 1305 1944 libere
1314 1881 1398 1961 fieri,

343 1988 383 2051 ab
402 1986 512 2070 aliquo
536 1982 783 2050 contradicatur.
829 1980 904 2044 Hoc
924 1981 1022 2045 etiam
1043 1981 1143 2066 regali
1158 1983 1349 2047 auctoritate
1366 1995 1401 2048 et

343 2089 566 2176 episcoporum
588 2109 625 2150 ac
649 2086 806 2150 baronum
830 2105 977 2147 meormn
1001 2085 1209 2149 attestatione
1233 2085 1398 2150 constituo

343 2201 505 2275 quatenus
533 2189 632 2252 abbas
661 2185 807 2250 ecclesiae
835 2207 904 2248 suae
943 2194 977 2248 et
1004 2185 1110 2271 leugae
1139 2187 1399 2272 circumjacentis

343 2317 401 2378 per
416 2291 524 2356 omnia
534 2290 643 2376 judex
658 2288 701 2351 sit
716 2298 751 2350 et
765 2287 926 2351 dominus.

385 2394 551 2456 Defuncto
566 2391 683 2454 abbate
706 2390 745 2452 de
768 2389 880 2452 eadem
899 2389 1033 2453 ecclesia
1049 2390 1148 2454 abbas
1169 2389 1317 2474 eligatur,
1336 2390 1400 2454 nisi

339 2495 425 2558 forte
451 2493 553 2578 (quod
581 2489 678 2574 absit)
709 2489 831 2553 ibidem
860 2489 975 2554 idonea
1004 2513 1141 2575 persona
1169 2491 1304 2576 reperiri
1331 2515 1398 2556 non

340 2596 452 2683 possit.

386 2699 480 2763 Hanc
495 2695 760 2762 constitutionem
774 2715 879 2757 meam
894 2693 939 2756 sic
954 2704 1030 2758 voto
1042 2704 1077 2757 et
1089 2693 1191 2777 regali
1202 2695 1395 2759 auctoritate

340 2803 559 2867 confirmatam
582 2797 693 2860 nullus
717 2817 936 2860 successorum
959 2817 1105 2860 meorum
1118 2795 1239 2859 violare
1260 2796 1312 2860 vel
1335 2796 1396 2859 im-

339 2907 484 2969 minuere
494 2909 679 2986 praesumat.
711 2898 921 2980 Quicumque
934 2897 1036 2981 igitur
1046 2908 1157 2961 contra
1167 2898 1335 2962 libertates
1343 2899 1395 2962 vel

339 3007 511 3090 dignitates
535 3002 679 3087 ejusdem
714 2998 859 3061 ecclesiae
891 2998 1016 3077 fecerit,
1043 2998 1259 3063 forisfacturae
1293 3001 1393 3085 regiae

339 3127 466 3173 coronae
481 3105 655 3189 subjaceat.

384 3210 495 3296 Hujus
515 3206 563 3270 rei
588 3214 687 3268 testes
711 3210 788 3266 sunt
808 3199 1008 3266 Lanfrancus
1034 3201 1294 3288 archiepiscopus
1310 3203 1394 3268 Can-

340 3311 522 3387 tuamensis,
550 3305 727 3390 Stigandus
750 3302 960 3367 Cicestrensis
983 3302 1164 3388 episcopus,
1187 3304 1394 3370 Walkelinus

338 3415 508 3500 episcopus
530 3408 691 3483 Winton.,
717 3404 909 3467 Wulstanus
932 3403 1095 3488 Wigorn.¹
1117 3405 1305 3491 episcopus;
1333 3408 1392 3492 qui

339 3539 458 3593 omnes,
488 3535 541 3575 me
569 3517 730 3595 praesente
757 3516 791 3568 et
821 3505 983 3583 audiente,
1013 3505 1129 3570 horum
1153 3519 1392 3593 praeceptorum

338 3638 483 3682 meorum
513 3623 547 3676 et
575 3608 844 3674 constitutionum
871 3606 1042 3671 violatores
1071 3619 1232 3694 perpetuo
1260 3611 1393 3690 anathe-

338 3730 424 3782 mate
439 3718 680 3780 damnaverunt.

382 3819 484 3905 Apud
498 3810 724 3880 Wintoniam.¹

594 3989 602 4022 ¹
622 3985 741 4040 Selden’s
755 3983 876 4051 Eadmer‚
890 3982 977 4050 Notae,
989 4000 1014 4053 p.
1027 3987 1078 4036 185
