3260 5172
537 594 760 645 MONASTERII
786 594 834 642 DE
860 594 985 644 BELLO·
1254 581 1290 643 l9

236 742 368 805 tertium
383 745 483 828 juxta
497 743 665 807 ecclesiam
691 755 809 807 sanctae
826 744 942 808 Mariae
957 754 1081 828 aparte
1100 744 1289 828 aquilonali,

236 843 294 906 ubi
309 845 408 907 etiam
422 846 536 909 hortus
550 847 779 911 monachorum
793 869 861 910 esse
870 846 981 910 solet.¹

279 945 357 1008 Tria
374 947 473 1010 etiam
486 945 670 1011 molendina
692 947 792 1011 habet
807 947 940 1012 eeclesia
955 947 989 1010 in
1013 947 1164 1012 dominio.
1211 948 1289 1012 Duo

235 1046 318 1111 infra
346 1048 484 1134 leugam,
516 1051 639 1114 scilicet
668 1074 769 1115 unum
808 1053 922 1115 subtus
960 1049 1166 1130 Loxebeche‚
1203 1051 1292 1116 aliud

236 1149 368 1212 inferius
392 1151 427 1214 in
450 1152 542 1230 valle,
565 1153 698 1216 tertium
721 1177 796 1217 vero
820 1153 937 1238 partim
959 1153 1044 1218 infra
1066 1153 1193 1238 leugam
1218 1175 1291 1239 par·

235 1251 293 1315 tim
309 1263 358 1316 est
373 1265 476 1333 extra,
501 1255 535 1318 in
549 1265 641 1339 parte
656 1256 788 1319 australi
811 1255 965 1333 ecclesia,
982 1255 1016 1318 in
1031 1255 1101 1318 loco
1117 1255 1175 1339 qui
1196 1278 1288 1319 voca·

233 1362 287 1414 tur
302 1352 485 1440 P-iperinge,
508 1380 556 1435 ea,
573 1380 647 1442 quae
664 1367 749 1420 terra
764 1367 858 1420 extra
872 1357 999 1440 leugam
1015 1358 1216 1421 excambiata
1230 1368 1289 1435 est,

232 1477 251 1517 a
266 1456 395 1520 domino
410 1459 449 1521 de
466 1459 674 1537 Cattesfelda
685 1482 744 1544 pro
757 1455 896 1544 quodam
905 1469 998 1542 prato
1013 1459 1158 1542 parvulo,
1172 1458 1230 1542 qui
1242 1469 1291 1522 est

233 1555 267 1616 in
283 1556 462 1622 Bulintune
475 1561 574 1644 juxta
589 1560 868 1624 Buleworehethe.

276 1658 444 1724 Hactenus
467 1663 507 1724 de
530 1661 602 1738 his;
627 1684 713 1725 nuno
734 1663 774 1725 de
795 1661 890 1724 terris
917 1682 991 1744 quae
1016 1671 1092 1724 sunt
1115 1661 1199 1725 infra
1221 1661 1291 1724 leu-

232 1761 353 1840 gamin
368 1762 511 1826 dominio
527 1763 698 1827 dicendum
716 1773 775 1827 est.

275 1859 315 1922 ln
332 1862 443 1926 Petlee
465 1873 515 1927 est
537 1887 602 1928 una
615 1865 706 1928 wista
725 1867 760 1928 in
781 1865 933 1941 dominio,
957 1887 1053 1948 quam
1078 1866 1208 1949 quidam
1232 1867 1289 1950 qui

233 1964 406 2026 vocabatur
422 1965 503 2027 Oter
517 1966 594 2065 plim
608 1967 763 2049 possedit.
811 1965 878 2029 Ista
892 1965 977 2028 enim
994 1967 1206 2050 quadraginta
1220 1968 1287 2032 viii.

233 2063 314 2125 acris
329 2075 464 2129 constat.

276 2163 315 2227 ln
339 2166 535 2230 Cateoumbe
561 2179 638 2250 sunt
664 2170 810 2253 quinque
836 2187 928 2246 acrae,
955 2187 1030 2250 quae
1053 2168 1163 2252 jacent
1188 2192 1288 2254 prope

235 2265 490 2353 Wetlin'getune.

275 2367 366 2434 Inter
382 2370 494 2434 Petlee
517 2381 550 2435 et
571 2371 755 2436 Ucoheham
778 2373 888 2456 jacent
910 2373 1123 2457 quadraginta
1144 2371 1177 2436 ii.
1195 2394 1288 2450 acrae,

235 2482 268 2534 et
282 2495 385 2557 usque
400 2475 538 2537 odviam
554 2495 628 2557 quae
643 2475 731 2538 vadit
746 2473 785 2536 de
801 2473 895 2538 Bello
910 2476 951 2539 ad
966 2475 1222 2558 Wetlingetune.

274 2573 313 2638 In
329 2574 513 2640 Uecheham
537 2588 613 2640 sunt
637 2588 702 2641 tres
722 2577 835 2652 wistae,
861 2599 934 2640 cum
962 2586 1055 2661 prato
1072 2577 1130 2661 qui
1155 2587 1288 2641 vocatur

235 2676 412 2742 Hanwisse.

276 2779 545 2866 Bodeherstegate
560 2804 663 2866 usque
686 2781 727 2844 ad
749 2781 833 2844 viam
853 2781 952 2866 juxta
968 2777 1170 2842 Hechilande
1188 2781 1287 2864 jacet,

234 2905 362 2966 campus
376 2883 594 2967 permaximus
608 2883 760 2946 incultus.

277 2983 316 3046 In
332 2984 532 3049 Hechilande
547 2996 624 3049 sunt
638 2985 712 3048 duae
727 2985 844 3048 wislae.-

275 3087 454 3150 Santlaohae
470 3110 573 3170 usque
588 3087 629 3150 ad
644 3088 774 3150 domum
792 3087 991 3149 infirmorum
1011 3083 1172 3149 habentur
1186 3087 1284 3155 ml*

233 3209 314 3252 aorae
330 3198 363 3252 et
378 3209 452 3266 una,
470 3190 526 3272 qui
541 3189 631 3251 locus
647 3188 745 3250 Dune
760 3199 902 3252 vocatur.

274 3290 330 3352 Ex
345 3290 407 3352 alia
421 3300 512 3374 parte
526 3290 599 3364 viae,
614 3290 672 3351 ubi
687 3289 764 3351 olim
777 3311 851 3372 pars
866 3288 975 3370 aliqua
989 3287 1091 3349 vineae
1107 3287 1183 3362 fuit,
1200 3297 1233 3348 et
1253 3287 1288 3349 in

134 3403 138 3412 '
233 3390 415 3475 Calvetege‚
444 3413 518 3475 quae
543 3398 620 3453 sunt
643 3411 687 3452 ex
713 3389 844 3452 australi
869 3399 962 3472 parte
986 3385 1139 3464 ecclesiae,
1156 3409 1287 3472 compu-

231 3503 341 3556 tantur
354 3493 471 3556 xxxvi.
488 3513 580 3556 acrae.

272 3595 313 3658 In
335 3605 421 3658 terra
435 3596 474 3657 de
491 3593 691 3679 Chapenore‚
716 3616 790 3678 quae
814 3604 864 3656 est
881 3595 981 3678 juxta
1002 3591 1084 3670 illas,
1102 3591 1285 3676 quindecim

229 3720 309 3760 aeras
326 3707 413 3775 sunt,
430 3696 577 3780 exceptis
593 3695 651 3759 xii.
678 3695 758 3759 acris
774 3718 853 3779 quas
875 3694 1009 3759 ecclesia
1032 3703 1151 3758 sanctae
1168 3693 1284 3758 Mariae

230 3800 339 3864 habet.

274 3902 365 3966 Inter
380 3901 577 3966 Bodeherste
593 3913 627 3965 et
642 3901 856 3978 Hechilande,
873 3913 907 3965 et
929 3902 1016 3964 inter
1039 3901 1170 3963 domum
1195 3897 1284 3960 infir-

227 4029 351 4070 morum
381 4017 415 4068 et
438 4003 636 4090 Chapenore‚
664 4016 699 4068 et
720 4027 823 4089 usque
846 4005 887 4068 ad
910 4015 1027 4068 terram
1050 4003 1090 4065 de
1116 3999 1283 4062 Telleham

228 4107 355 4171 xxxvii.
373 4129 455 4170 acrae
471 4117 699 4190 supputantur.

271 4209 331 4271 Est
346 4218 432 4272 terra
447 4209 594 4292 quaedam
610 4229 683 4290 quae
704 4209 791 4291 jacet
810 4207 896 4268 inter
910 4203 1100 4288 pomarium,
1125 4203 1213 4286 quod
1235 4212 1284 4265 est

369 4414 375 4442 ¹
392 4415 440 4466 See
462 4413 502 4466 Sir
521 4413 612 4483 Henry
629 4411 702 4479 Ellis,
728 4410 827 4464 Introd.
840 4418 866 4462 to
879 4409 1036 4481 Doomsday‚
1049 4409 1068 4464 i.
1082 4411 1142 4461 123.

1111 4511 1124 4545 o
1138 4496 1154 4545 2
