3260 5172
356 537 396 600 16
655 548 823 600 rrrsronu
848 547 1095 598 runomoms

396 702 544 770 XCVII.
568 702 703 766 AElwini
718 703 891 779 secretarii,
905 725 934 765 v.
952 701 1098 765 denarios
1113 713 1147 764 et
1159 723 1266 785 opera.

395 805 562 872 XCVIII.
585 805 807 882 Chenewardi,
821 827 851 868 v.
869 804 1015 868 denarios
1030 815 1064 867 et
1079 826 1186 889 opera.

395 910 528 976 XCIX.
553 907 706 971 Balduini
721 907 849 984 sutoris,
864 930 893 970 v.
911 907 1057 971 denarios
1070 916 1104 970 et
1118 928 1225 992 opera.

395 1013 432 1078 C.
457 1011 588 1077 Osberti
604 1009 737 1088 Pechet,
752 1009 819 1074 viii.
837 1010 983 1073 denarios
999 1019 1033 1072 et
1047 1031 1154 1094 opera.

395 1115 451 1180 CI.
476 1113 622 1192 Cocardi,
637 1136 667 1176 v.
689 1112 836 1177 denarios
852 1121 885 1175 et
900 1134 1006 1196 opera.

437 1319 493 1384 Ex
507 1320 571 1384 alia
584 1329 675 1408 parte
690 1319 752 1382 viae
763 1319 863 1403 juxta
877 1339 1006 1380 murum
1019 1316 1258 1380 monachorum.

395 1422 471 1488 CII.
496 1421 652 1486 Mansura
663 1419 806 1484 AElsuini
817 1418 946 1483 Hachct
960 1419 1000 1482 ad
1014 1417 1135 1481 festum
1149 1420 1250 1482 sancti
1266 1418 1402 1482 Thomae

349 1526 403 1590 vii.
420 1524 566 1604 denarios
580 1534 614 1587 et
629 1545 735 1608 opera.
1148 1511 1151 1515 ’

394 1627 490 1692 CIII.
513 1625 675 1690 AEilnothi
691 1624 805 1701 Hecae,
820 1624 874 1686 vii.
891 1624 1037 1688 denarios
1053 1633 1087 1686 et
1102 1645 1209 1708 opera.

394 1728 507 1794 CIIII.
531 1727 761 1792 Blachemanni
776 1727 816 1789 de
830 1725 1113 1810 Bodeherstegate,
1128 1725 1183 1789 vii.
1205 1725 1351 1789 denarios
1367 1735 1402 1788 et

349 1855 455 1918 opera.

393 1932 464 1998 CV.
488 1932 663 1997 Reinbaldi
679 1932 850 2009 Genester,
865 1930 920 1994 vii.
937 1931 1084 1994 denarios
1099 1941 1133 1994 et
1147 1951 1253 2015 opera.

392 2035 481 2101 CVI.
506 2034 645 2100 AElurici
662 2032 839 2110 Corveiser,
854 2033 908 2098 vii.
925 2032 1071 2097 denarios
1083 2043 1117 2095 et
1132 2055 1238 2117 opera.

391 2138 501 2204 CVII.
525 2137 675 2201 Briotrici
690 2135 878 2213 Barbanii.
896 2135 1042 2198 denarios
1063 2145 1098 2198 ct
1112 2157 1217 2220 opera.

393 2239 673 2306 CVIIIAElfuini
690 2237 830 2323 Turpin‚
846 2237 902 2301 vii.
921 2237 1071 2301 denarios
1086 2247 1120 2300 et
1135 2261 1242 2322 opera.

391 2341 486 2406 CIX.
510 2341 633 2424 Rogeri
647 2339 798 2415 Braceur,
815 2338 869 2401 vii.
886 2338 1033 2402 denarios
1048 2348 1082 2402 et
1096 2362 1203 2424 opera.

390 2444 465 2509 CX.
490 2441 629 2505 Walteri
645 2441 747 2518 Rufii,
763 2439 816 2502 vii.
833 2439 978 2503 denarios
991 2450 1025 2503 et
1039 2463 1146 2526 opera.

390 2545 485 2612 CXI.
510 2543 674 2608 Hunfredi
690 2543 860 2621 Genester,
876 2542 931 2605 vii.
948 2543 1095 2606 denarios
1110 2553 1144 2606 et
1159 2565 1267 2628 opera.

389 2647 502 2714 CXII.
528 2646 674 2712 Goduini
690 2645 819 2720 Gisard,
835 2645 890 2708 vii.
907 2645 1055 2708 denarios
1070 2656 1104 2708 et
1118 2668 1224 2730 opera.

388 2749 521 2816 CXIII.
546 2749 681 2813 Siwardi
698 2747 811 2824 Crulli,
828 2771 857 2810 v.
875 2747 1021 2810 denarios
1036 2757 1071 2811 et
1085 2761 1192 2832 opera.

388 2850 537 2915 CXIIII.
562 2851 738 2926 Brunreve,
755 2849 822 2912 viii.
835 2849 981 2912 denarios
997 2858 1031 2911 et
1046 2871 1152 2933 opera.

387 2952 496 3019 CXV.
519 2952 687 3016 Wulfuini
703 2950 905 3036 carpentarii,
921 2951 988 3014 viii.
1006 2951 1153 3014 denarios
1168 2962 1201 3014 et
1216 2974 1321 3036 opera.

387 3053 450 3118 His
474 3054 585 3138 itaque
613 3052 709 3117 certis
735 3052 990 3116 dimensionibus
1015 3053 1218 3118 mansionum
1248 3053 1325 3117 villa
1356 3055 1396 3118 de

343 3155 437 3220 Bello
452 3156 598 3220 ordinata
607 3156 763 3219 hactenus
778 3164 922 3218 constare
938 3155 1075 3218 videtur.

273 3315 278 3329 ,
386 3258 507 3322 Omnes
530 3259 630 3344 igitur
644 3269 683 3322 ut
697 3257 938 3344 supradiximus
953 3257 1074 3320 debent
1088 3279 1153 3320 una
1179 3257 1232 3320 die
1252 3257 1396 3322 invenire

341 3361 380 3424 de
396 3383 590 3446 unaquaque
606 3361 701 3424 domo
716 3359 880 3423 hominem
895 3359 936 3421 ad
949 3368 1052 3442 prata,
1070 3359 1157 3422 etad
1172 3359 1395 3424 molendinum

341 3463 558 3541 reficiendum,
574 3473 607 3526 et
628 3461 763 3525 habebit
783 3460 1008 3543 unusquisque
1023 3483 1139 3544 panem
1164 3471 1198 3524 et
1213 3462 1394 3541 dimidium,

340 3575 374 3628 et
388 3563 655 3648 companagitum,
666 3573 699 3625 et
712 3563 855 3625 brasium
865 3561 987 3625 facient
998 3561 1025 3624 si
1036 3585 1164 3626 necesse
1174 3563 1285 3641 fuerit,
1296 3587 1396 3628 unus-

342 3665 479 3750 quisque
503 3687 658 3727 summam
677 3686 784 3728 unam.
831 3663 984 3729 Minister
1007 3687 1082 3728 vero
1098 3665 1195 3728 curiae
1212 3689 1285 3729 cum
1309 3689 1395 3750 equo

340 3766 470 3853 proprio
493 3766 720 3830 monachorum
748 3765 881 3850 singulis
896 3766 1036 3851 singulas
1052 3767 1176 3831 deferre
1192 3769 1289 3832 debet
1308 3792 1394 3832 sum-

340 3891 407 3932 mas
422 3868 579 3946 domibus,
593 3877 627 3931 et
641 3867 826 3932 hominibus
841 3868 976 3931 tradere.
1010 3867 1168 3932 Homines
1183 3880 1303 3946 autem,
1320 3892 1394 3934 cum

340 3971 480 4038 brasium
503 3981 718 4056 praeparatum
744 3969 853 4046 fuerit,
878 3969 977 4032 curiae
1002 3971 1136 4034 reddere
1151 3994 1224 4034 curn
1245 3994 1395 4061 mensura

376 4185 384 4218 ¹
404 4185 563 4257 “Quicquid
579 4187 630 4240 cibi
645 4197 840 4256 practerpanem
893 4184 984 4253 (Brom
1003 4193 1024 4237 t.
1046 4201 1071 4252 p.
1095 4184 1159 4254 854)
1181 4201 1208 4236 as
1230 4184 1315 4237 afine
1333 4185 1394 4255 paid

341 4266 366 4308 et
376 4264 465 4326 potum
476 4256 501 4320 ;'’
521 4257 638 4310 Somner.
669 4255 783 4308 “Unum
796 4273 840 4325 pa-
892 4255 927 4324 by
939 4201 1060 4306 eaciione
1077 4253 1106 4304 of
1123 4253 1204 4322 agild
1223 4271 1251 4305 or
1267 4271 1393 4324 company

341 4343 398 4378 nem
439 4334 464 4378 et
502 4343 559 4379 com
577 4325 731 4395 anagium,”
764 4343 841 4378 occur
893 4324 931 4377 for
948 4324 993 4377 the
1014 4323 1070 4376 soul
1095 4323 1123 4374 of
1141 4341 1157 4374 a
1173 4323 1393 4392 ghildc-brobher.

339 4395 413 4464 again
439 4393 465 4448 in
489 4395 533 4448 the
557 4344 619 4449 iius
652 4395 681 4447 of
703 4395 838 4448 Athelstan
892 4395 1005 4448 Ancient
1018 4393 1100 4460 Laws
1114 4391 1162 4446 &c
1177 4393 1204 4447 ii.
1217 4397 1277 4448 499.
