3278 5162
544 551 767 609 nosasrnnn
790 557 839 606 nn
863 556 989 606 nenne
1253 536 1296 606 47

245 704 419 785 Henricus,
443 708 514 791 ejus
537 729 655 791 corpus
684 705 887 770 Wintoniam
912 704 1087 768 honorifice
1116 703 1234 767 deferri
1264 715 1298 768 et

245 808 375 892 sepeliri
404 807 495 884 fecit,
521 817 620 891 atque
643 809 712 893 ipse
732 807 843 891 paucis
865 816 939 890 post
963 805 1101 870 evolutis
1124 805 1239 870 diebus
1253 827 1297 868 ex

245 909 364 973 divinae
392 909 685 995 praedestinationis
715 909 799 972 dono
814 963 816 968 .
829 908 929 972 totius
959 907 1107 992 Anglicae
1134 917 1296 994 sceptrum

245 1011 395 1096 optinens
418 1010 622 1089 monarchiae,
649 1009 784 1075 solemni
810 1009 862 1073 die
885 1009 1021 1074 martirii
1046 1010 1135 1074 beati
1155 1010 1297 1074 Oswaldi

244 1113 329 1196 regis
354 1113 506 1191 instante,
532 1134 637 1176 coram
662 1111 827 1176 nonnullis
854 1110 946 1195 regni
980 1111 1177 1196 primoribus
1205 1113 1296 1196 regio

243 1213 415 1298 insignitus
440 1215 630 1292 diademate,
651 1215 738 1300 apud
754 1212 1092 1291 Westmonasterium,
1108 1237 1209 1278 nonas
1224 1213 1296 1278 Au·

242 1316 328 1400 gusti
352 1327 533 1381 coronatur.
579 1317 678 1384 Quod
692 1317 828 1402 adeptus
843 1316 981 1393 culmen,
1008 1325 1047 1380 ut
1071 1316 1121 1379 vir
1144 1317 1298 1380 sollertis-

243 1418 332 1482 simae
359 1419 540 1502 sagacitatis
565 1419 727 1503 profectui
754 1419 926 1481 intendens
951 1417 1106 1496 omnium,
1129 1419 1297 1503 pacificare

244 1521 435 1584 omnimodis
458 1543 594 1604 regnum
620 1520 796 1604 satagebat,
827 1518 924 1602 eique
944 1539 1010 1581 non
1035 1539 1218 1602 repugnans
1232 1521 1298 1584 for-

245 1632 324 1686 tuna
348 1645 408 1706 pro
431 1631 508 1684 voto
533 1621 673 1684 favebat.
720 1619 796 1698 Hic,
813 1619 926 1701 itaque
952 1627 991 1681 ut
1015 1619 1124 1702 magni
1138 1619 1297 1685 Willelmi

244 1735 360 1788 natura
383 1723 475 1785 heres
497 1732 532 1785 et
556 1722 675 1798 animo,
705 1730 743 1784 ut
769 1743 837 1784 suae
860 1720 988 1804 signum
1013 1741 1140 1784 coronae
1173 1744 1298 1788 summo

245 1825 331 1888 Belli
355 1823 520 1886 ecclesiam
543 1823 731 1899 defendens,
754 1844 791 1885 ac
817 1843 947 1886 suarum
969 1822 1216 1888 auctoritatibus
1231 1847 1299 1890 oar-

210 1940 227 1974 ·
247 1936 354 1988 tarum
369 1924 530 2000 muniens,
546 1923 727 1986 extollebat
741 1924 860 1986 studio.
1174 1979 1176 1984 ,

290 2024 402 2087 Abbas
416 2023 517 2105 igitur
538 2022 701 2086 Henricus
715 2033 790 2108 post
804 2024 944 2086 abbatiae
963 2033 1130 2107 sumptum
1143 2027 1297 2109 regimen,
1313 2053 1367 2084 nn.
1376 2048 1431 2084 nor.

245 2126 296 2189 bis
311 2125 410 2188 trium
424 2145 582 2187 annorum
602 2132 790 2208 septemque
813 2123 938 2188 dierum
953 2125 1113 2209 completo
1128 2128 1298 2206 curriculo,
1312 2093 1461 2195 l'ffiqtqqa.

246 2249 330 2290 anno
345 2225 501 2290 incarnati
516 2225 618 2291 Verbi
634 2225 722 2309 quod
736 2225 853 2290 eratin
875 2225 1036 2312 principio
1059 2227 1109 2291 M.
1126 2229 1181 2292 cii⁰
1205 2230 1299 2314 aegri-
1312 2195 1404 2235 sunere.

246 2329 359 2394 tudine
370 2327 411 2391 ad
421 2337 567 2391 extrema
577 2327 764 2413 perductus,
774 2327 862 2391 xiiir
887 2325 1040 2392 kalendas
1054 2328 1136 2394 Julii
1150 2331 1300 2416 migravit

245 2455 265 2495 a
279 2431 399 2509 seculo,
415 2439 513 2516 atque
526 2431 567 2494 ab
583 2429 728 2515 ejusdem
743 2429 886 2494 ecclesiae
908 2430 1064 2494 fratribus
1079 2431 1120 2495 de
1141 2433 1235 2497 Bello
1260 2445 1299 2498 ut

244 2533 313 2617 ipse
338 2542 541 2616 suggesserat
554 2553 661 2596 coram
675 2531 750 2594 sede
768 2531 984 2616 praesidentis,
1008 2533 1043 2596 in
1066 2535 1211 2619 ejusdem
1234 2536 1298 2601 loci

244 2635 426 2698 tumulatur
448 2633 602 2718 capitulo.
648 2631 725 2698 Quo
750 2633 850 2717 regiae
880 2633 972 2696 illato
1000 2635 1097 2712 aulae,
1128 2637 1298 2701 confestim

244 2735 379 2798 clericus
394 2735 526 2820 quidam
543 2735 621 2797 illuc
634 2735 675 2797 ad
689 2735 927 2820 procurandum
942 2734 1104 2820 dirigitur,
1130 2758 1166 2800 ao
1181 2737 1297 2803 deinde

243 2837 285 2900 ad
308 2836 447 2900 abbatiae
463 2836 640 2900 custodiam
664 2836 750 2920 regis
764 2836 947 2921 capellanus
968 2837 1052 2902 alius
1067 2837 1226 2902 Vivianus
1240 2863 1298 2905 no-

243 2939 329 3002 mine
356 2939 532 3022 delegatur.
581 2938 646 3002 Ubi
668 2961 860 3024 perparvum
886 2961 959 3004 cum
980 2940 1144 3024 deguisset
1158 2951 1296 3028 tempus,

243 3042 374 3104 demmn
396 3064 466 3106 rex.
481 3041 609 3104 cuidam
636 3041 792 3104 monacho
828 3042 929 3105 sancti
953 3041 1094 3106 Carileffi
1120 3043 1297 3109 Gausfrido

242 3143 382 3219 nomine,
394 3143 463 3205 viro
477 3143 621 3226 quamvis
635 3143 820 3206 litterarum
833 3143 1006 3222 inerudite,
1023 3145 1111 3207 omni
1125 3146 1295 3229 sagacitate

243 3253 277 3305 et
291 3243 465 3326 prudentia
478 3243 678 3326 sec'ularique
692 3243 895 3326 providentia
916 3261 1052 3320 summo,
1067 3245 1155 3310 idem
1168 3269 1296 3311 monas-

243 3345 362 3406 terium
387 3345 429 3407 ad
453 3343 629 3426 regendum
643 3342 791 3406 contulit.
837 3343 906 3409 Qui
920 3343 967 3406 xi.
982 3343 1136 3407 kalendas
1150 3345 1295 3430 Augusti
1307 3379 1412 3429 sams,

241 3445 319 3508 illuc
333 3444 654 3509 honorificentissime
669 3443 851 3522 adveniens,
867 3455 906 3508 ut
916 3444 1047 3508 domum
1055 3445 1136 3510 vidit
1150 3448 1296 3533 undique

242 3547 443 3623 destitutam,
464 3545 557 3631 quasi
577 3545 681 3630 prima
699 3544 822 3630 jaciens
836 3544 1034 3624 fundamina,
1049 3546 1186 3612 interius
1204 3561 1297 3616 exte-

241 3649 374 3734 riusque
387 3648 488 3734 coepit
499 3671 564 3732 qua
575 3647 712 3711 callebat
723 3647 890 3732 propalare
905 3649 1120 3732 prudentiam.
1144 3649 1213 3714 Sub
1225 3653 1296 3738 ipso

241 3749 401 3834 siquidem
410 3750 444 3813 in
458 3750 548 3814 brevi
557 3749 818 3835 procurationum
831 3749 1051 3814 instaurantur
1065 3756 1295 3838 promptuaria,

242 3851 386 3914 ecclesiae
399 3852 475 3933 jura
499 3851 700 3934 fratrumque
720 3851 856 3935 respirat
876 3851 1132 3931 honorificentia,
1157 3856 1296 3939 praedio-

242 3974 314 4015 rum
331 3951 524 4014 reformatur
538 3952 728 4036 opulentia.l

288 4051 436 4136 Cumque
468 4053 670 4137 praecipuum
699 4052 844 4116 ecclesiae
872 4053 1050 4116 manerium
1079 4055 1137 4117 Wi
1166 4057 1293 4136 adisset,
1308 4073 1432 4134 summm·

243 4155 331 4239 quod
356 4153 487 4239 quidam
512 4154 638 4218 abbatis
662 4153 807 4218 defuncti
833 4154 972 4217 serviens
986 4169 1211 4238 procuraverat
1226 4159 1294 4224 Ro·
1307 4125 1419 4215 idib-“d

278 4309 498 4378 ¹Pr0curatio‚a
532 4310 622 4363 ension
639 4328 667 4362 or
680 4309 741 4363 diet.
762 4324 767 4444 Ι
791 4309 836 4361 the
862 4309 944 4378 origin
969 4310 1020 4364 and
1046 4311 1166 4383 meaning
1193 4315 1223 4368 of
1241 4315 1294 4369 this

241 4380 290 4432 See
314 4381 455 4451 Dugdale’s
522 4379 686 4434 arwickshire
709 4397 742 4432 on
792 4378 869 4446 word,
883 4395 908 4450 p.
921 4380 946 4447 7,
956 4378 982 4433 b.
