3240 5154
512 570 733 622 MONASTERII
747 572 811 622 ‘DE'
829 571 958 622 ¹BELLO.
1199 557 1261 619 131

204 729 293 782 terea
306 720 443 806 singulis
457 723 549 810 annis
564 723 730 785 caritatem
745 722 905 806 quandam
921 721 987 784 albi
1007 721 1074 783 vini
1090 723 1263 786 conventui

203 821 286 901 fieri,
303 846 376 886 cum
396 824 531 908 singulis
549 825 734 907 guastellis¹
756 823 912 908 piperatis
928 823 1063 906 singulis
1084 824 1261 903 monachis,

205 925 351 1010 exceptis
371 926 546 989 simenellis
566 926 684 990 debitis
705 949 747 988 ex
771 925 932 989 communi
947 925 1075 988 cellario
1095 925 1261 1010 appositis,

205 1049 277 1089 cum
289 1027 416 1091 duobus
431 1029 528 1091 etiam
542 1028 673 1092 ferculis
686 1028 826 1111 optimis,
840 1027 985 1112 exceptis
1000 1027 1131 1090 ferculis
1143 1028 1261 1091 debitis

206 1129 246 1191 de
261 1130 409 1213 coquina,
426 1130 473 1192 ita
488 1131 619 1214 quidem
634 1140 672 1193 ut
687 1131 713 1192 si
727 1130 799 1192 fieri
814 1129 1019 1212 aliquatenus
1033 1130 1145 1213 possit,
1158 1152 1260 1192 unum

206 1253 331 1314 semper
355 1232 394 1294 de
416 1231 546 1294 ferculis
567 1253 635 1293 esse
660 1232 776 1295 debeat
794 1231 833 1293 de
856 1231 979 1293 recenti
999 1231 1151 1309 salmone,
1172 1232 1260 1294 etin

204 1354 353 1396 mensura
376 1333 444 1394 vini
468 1331 604 1394 cuilibet
626 1332 763 1394 fratrum
787 1334 978 1417 apponenda
1006 1333 1054 1395 nil
1082 1334 1125 1395 sit
1153 1333 1260 1397 minus

202 1434 327 1517 galone.
387 1434 481 1497 Hanc
512 1434 679 1497 caritatem
700 1434 772 1496 fieri
801 1433 905 1496 voluit
935 1435 1012 1497 dum
1041 1435 1076 1497 in
1105 1433 1164 1497 hac
1193 1435 1413 1540 vitafflffln

200 1535 362 1620 superfuit
383 1536 418 1599 in
441 1535 665 1600 Decollationc
688 1535 777 1599 beati
799 1535 956 1598 Johannis
971 1537 1162 1620 Baptistae32
1185 1547 1260 1621 post

202 1637 367 1701 decessum
387 1659 463 1700 vero
481 1659 586 1715 suum,
602 1637 637 1700 in
661 1637 713 1700 die
736 1637 951 1700 anniversario
971 1638 1080 1700 obitus
1098 1638 1160 1702 sui.
1205 1639 1258 1702 Ne

203 1739 276 1822 quis
291 1761 366 1802 vero
382 1761 600 1802 successorum
615 1741 684 1823 ejus
698 1739 910 1824 inposterum
924 1741 1007 1802 hanc
1022 1739 1124 1824 ipsius
1139 1741 1258 1805 consti-

202 1841 363 1904 tutionem
388 1841 578 1904 imminuere
602 1841 654 1905 vel
680 1863 751 1904 eam
773 1841 974 1907 immutando
998 1841 1029 1905 ei
1053 1841 1258 1926 aliquatenus

202 1955 413 2028 praesumeret
443 1945 612 2021 contraire,
639 1944 708 2028 ipse
738 1944 821 2006 stola
850 1954 1013 2030 assumpta
1046 1945 1081 2007 in
1114 1946 1256 2031 capitulo

200 2045 337 2109 fratrum
360 2067 434 2108 cum
458 2045 589 2109 candela
612 2067 744 2108 accensa
769 2046 912 2129 singulos
939 2046 1037 2109 etiam
1062 2046 1178 2110 fratres
1200 2050 1257 2132 qui

200 2169 258 2210 seu
287 2146 456 2211 sacerdotii
485 2169 544 2209 seu
572 2146 711 2210 diaconii
735 2146 955 2231 fungebantur
980 2147 1086 2211 officio
1116 2149 1257 2233 singulas

202 2249 299 2313 stolas
329 2259 363 2311 et
389 2248 535 2311 candelas
559 2271 706 2312 accensas
733 2270 859 2311 sumere
879 2249 988 2333 jussit,
1018 2251 1128 2334 sicque
1158 2253 1256 2318 etiam

118 2358 121 2365 ’
201 2351 452 2415 subdiaconibus
472 2351 653 2436 manipulos
677 2373 751 2414 cum
776 2351 916 2414 candelis
942 2353 1091 2430 accensis,
1106 2353 1157 2416 his
1179 2377 1255 2418 vero

202 2454 259 2538 qui
279 2453 441 2517 inferioris
464 2461 556 2515 erant
579 2452 700 2515 ordinis
721 2475 795 2516 cum
819 2454 979 2517 conversis
1001 2455 1083 2518 solas
1108 2457 1255 2520 candelas

200 2577 346 2618 accensas
359 2554 566 2630 habentibus,
582 2553 727 2616 omnium
742 2577 797 2617 ore
813 2565 847 2617 et
861 2578 1018 2619 consensu
1032 2579 1142 2621 omnes
1154 2557 1256 2641 ipsius

200 2656 415 2720 institutionis
431 2675 499 2719 suae
509 2655 680 2719 violatores
692 2665 852 2740 perpetuo
862 2667 895 2719 et
909 2657 1104 2720 inexorabili
1119 2659 1257 2744 subjecit

168 2837 174 2850 Ι
200 2757 408 2821 anathemati.

244 2859 355 2945 Hujus
368 2859 559 2922 venerandae
573 2858 737 2922 memoriae
752 2857 813 2920 viri
828 2859 1038 2944 temporibus,
1055 2861 1120 2922 duo
1134 2861 1254 2924 milites
1268 2886 1333 2946 opat
1342 2885 1366 2925 or
1380 2886 1416 2926 ue

200 2963 234 3024 in
254 2963 372 3027 vicinio
395 2961 581 3025 monasterii
602 2961 702 3023 sancti
721 2960 859 3024 Martini
878 2961 918 3024 de
941 2960 1035 3024 Bello
1058 2961 1252 3040 habitantes,
1266 2936 1356 3028 lllllf

199 3065 321 3128 scilicet
339 3063 552 3148 Ingelrannus
575 3064 614 3125 de
637 3061 778 3139 Scoteni,
795 3073 829 3126 et
853 3063 1019 3127 Robertus
1044 3063 1120 3140 Boe,
1147 3064 1253 3128 eidem

198 3166 392 3228 monasterio
420 3187 479 3250 pro
513 3187 571 3227 sua
603 3186 799 3246 suorumque
831 3164 934 3227 salute
967 3166 1045 3228 duas
1080 3175 1180 3228 terras
1213 3168 1252 3229 de

199 3267 341 3332 dominio
367 3289 426 3330 suo
450 3266 511 3330 sibi
537 3265 674 3328 invicem
704 3265 871 3349 contiguas
895 3267 995 3352 juxta
1022 3288 1136 3328 nemus
1165 3268 1253 3348 quod
1357 3285 1361 3294 '

199 3369 319 3433 dicitur
347 3368 546 3432 Bodeherste
577 3365 797 3444 contulerunt,
827 3367 867 3430 ab
897 3367 984 3430 omni
1020 3367 1252 3430 consuetudine

199 3481 338 3536 terrenae¹
366 3470 529 3533 servitutis
555 3469 724 3532 immunes.
770 3468 917 3553 Eratque
941 3468 1084 3533 militum
1107 3470 1252 3555 ipsorum

198 3596 237 3636 eo
266 3573 459 3638 laudabilior
487 3571 627 3648 devoti0,
658 3593 723 3656 quo
756 3570 791 3634 id
820 3571 925 3634 eidem
954 3573 1147 3636 monasterio
1177 3596 1252 3637 con»

197 3673 367 3739 ferendum
390 3675 611 3752 decreverunt,
640 3674 728 3758 quod
752 3683 873 3760 quanto
897 3684 966 3738 erat
988 3675 1135 3753 vicinius,
1161 3685 1252 3741 tanto

197 3777 367 3841 videbatur
390 3776 597 3840 commodius.
659 3775 790 3840 Dicitur
817 3787 928 3840 autem
957 3778 998 3840 ab
1023 3778 1137 3842 incolis
1167 3789 1253 3842 terra

197 3879 265 3955 illa,
282 3901 379 3962 quam
396 3876 608 3962 Ingelrannus
624 3877 663 3940 de
681 3877 812 3942 Scoteni
827 3878 976 3954 contulit,
991 3878 1083 3941 wista
1099 3878 1252 3943 Smcwini
1356 3883 1362 3887 ’

198 4002 303 4063 usque
318 3980 355 4043 in
366 4000 519 4062 praesens.

242 4079 396 4164 Superior
423 4078 526 4141 edidit
553 4079 694 4142 narratio
723 4079 872 4141 abbatem
899 4077 1120 4142 Gausbertum
1146 4081 1251 4145 incliti

232 4247 281 4302 ¹1.
307 4265 331 4317 q.
375 4243 524 4310 Wastellcs,
551 4243 617 4295 from
655 4241 700 4294 the
751 4259 810 4312 sary
828 4251 854 4294 to
873 4244 917 4296 the
936 4243 988 4296 2nd
1006 4227 1108 4298 volume
1126 4246 1156 4298 of
1174 4245 1251 4301 Lobi-

198 4317 299 4370 French
320 4317 460 4370 Gaastcaa.
497 4313 546 4365 See
558 4313 603 4366 the
623 4311 699 4364 Glos-
751 4329 838 4435 nepa,⁴
840 4313 960 4453 iigm29ii1
964 4314 1104 4438 bretagne.

1098 4475 1147 4524 aa
