3260 5172
181 3170 205 3199 a.
213 3168 236 3198 u.
247 3160 303 3204 1⁰⁸7·

181 3208 274 3248 william
282 3209 300 3247 1.

342 549 384 616 36
640 565 811 616 nrsrorun
835 564 1085 616 ruunarrorus

341 717 427 795 salis,
443 728 478 780 et
499 717 596 782 etiam
611 718 721 780 decem
736 717 860 780 modios
873 716 952 794 vini,
968 739 1051 800 quos
1071 715 1120 778 illi
1143 715 1242 778 abbas
1257 713 1397 778 Fiscam-

342 820 449 884 nensis
464 819 599 903 singulis
613 819 705 884 annis
719 820 885 896 reddebat,
900 841 960 904 pro
975 819 1114 902 quadam
1134 827 1219 882 terra
1242 816 1397 900 quamde

342 922 400 986 illo
414 921 600 1007 possidebat
615 921 934 1006 Wurmincgeherste
948 921 1102 997 nomine,¹
1120 941 1221 1005 prope
1237 917 1397 1001 Langlen-

342 1035 423 1090 tune
438 1023 543 1088 sitam.
589 1023 653 1087 Pro
669 1024 810 1107 quodam
825 1023 923 1086 etiam
937 1023 1041 1086 milite
1057 1045 1127 1099 suo,
1144 1019 1324 1084 Hanselino
1339 1042 1397 1082 no-

342 1128 443 1204 mine,
453 1125 549 1189 aliam
559 1124 669 1188 hidam
677 1136 782 1202 terrae,
793 1145 868 1208 quae
878 1135 1011 1188 vocatur
1020 1123 1271 1206 Herincgehm,
1283 1122 1396 1185 eodem

343 1229 441 1292 modo
454 1229 590 1292 liberam
610 1227 777 1292 concessit.
821 1227 916 1290 Tum
930 1226 1085 1312 temporis
1105 1225 1204 1289 etiam
1221 1224 1303 1288 alius
1324 1222 1397 1307 qui-

343 1332 418 1396 dam
442 1330 531 1394 illius
555 1329 658 1407 miles,
678 1327 835 1393 vocabulo
859 1327 1021 1391 Radulsus
1046 1326 1209 1390 Theodori
1234 1325 1332 1401 filius,
1355 1346 1399 1387 ex

344 1449 403 1495 suo
417 1431 571 1509 dominio,
587 1432 700 1495 eodem
714 1431 844 1495 domino
859 1452 918 1495 suo
932 1429 1100 1494 Willehno
1116 1429 1156 1492 de
1170 1428 1304 1491 Braiosa
1323 1449 1400 1490 con·

342 1534 478 1599 cedente
499 1544 533 1598 et
556 1533 774 1611 confirmante,
794 1532 872 1596 alias
897 1542 1028 1596 centum
1040 1531 1166 1596 ambras
1192 1530 1266 1593 salis
1293 1529 1399 1592 eidem

344 1635 489 1700 ecclesiae
510 1634 658 1698 contulit.
704 1633 848 1700 Quidam
870 1633 968 1698 etiam
987 1656 1031 1696 ex
1054 1632 1157 1717 ipsius
1170 1630 1330 1696 Willelmi
1357 1630 1397 1692 de

345 1737 479 1802 Braiosa
491 1736 688 1813 hominibus,
699 1734 874 1800 Tetbertus
888 1734 1045 1812 nomine,²
1060 1733 1229 1800 cumfama
1240 1730 1397 1798 bonitatis

344 1862 381 1904 ac
395 1837 559 1922 religionis
573 1846 769 1922 praeventus,
783 1834 1002 1900 monachicam
1017 1835 1182 1898 anhelaret
1196 1833 1304 1898 subire
1320 1856 1395 1898 con·

344 1940 533 2016 versionem,
559 1960 593 2002 se
617 1938 721 2002 eidem
742 1937 814 2000 loco
839 1937 974 2002 devotus
999 1936 1150 2014 contulit,
1171 1945 1205 2000 et
1229 1958 1274 1999 ex
1295 1935 1398 2020 ipsius

342 2040 466 2108 domini
485 2040 536 2104 sui
550 2062 681 2104 assensn
700 2050 734 2103 et
757 2038 1008 2117 confirmatione,
1024 2049 1142 2103 terram
1160 2061 1249 2102 suam
1275 2037 1398 2102 scilicet

344 2165 443 2208 unam
455 2141 564 2205 hidam
576 2145 680 2205 ¹terrae
701 2142 789 2227 apud
802 2139 1028 2225 Langlentune
1050 2140 1086 2204 in
1110 2139 1305 2225 Heregrave,
1319 2159 1396 2224 quae

343 2255 476 2308 vocatur
500 2243 763 2321 hidaWulvrun,
791 2265 900 2306 secum
924 2242 959 2306 in
981 2243 1214 2328 possessionem
1242 2252 1396 2306 aeternam

344 2345 489 2410 ecclesia
503 2345 608 2408 eidem
622 2345 756 2408 liberam
770 2345 929 2410 attribuit.
974 2345 1061 2412 Quae
1076 2346 1184 2410 omnia
1205 2345 1303 2410 etiam
1318 2343 1396 2408 Phi·

342 2447 452 2533 lippus
479 2447 519 2510 de
544 2446 687 2525 Braiosa,
715 2469 823 2510 coram
836 2456 928 2532 patre
954 2469 1013 2510 suo
1038 2447 1206 2512 Willelmo
1229 2446 1397 2532 praedicto,

343 2549 500 2614 concessit
527 2558 562 2612 et
590 2548 798 2612 confirmavit.
852 2547 1039 2612 Secundum
1066 2571 1142 2612 vero
1170 2549 1336 2612 libertates
1364 2559 1399 2612 et

342 2651 465 2734 regales
489 2650 664 2734 dignitates
691 2649 836 2737 ejusdem
851 2650 1001 2715 ¹ecclesiae
1025 2649 1110 2714 Belli
1133 2649 1290 2714 concessit
1313 2669 1397 2734 prae-

343 2753 449 2819 dictus
463 2752 660 2831 willelmus,
676 2752 852 2836 burgenses
873 2775 953 2836 quos
974 2752 1105 2816 dederat
1118 2774 1213 2836 posse
1235 2774 1341 2817 emere
1363 2763 1398 2815 et

342 2856 480 2919 vendere
494 2855 579 2918 infra
601 2856 729 2918 easdem
744 2855 858 2918 domus
872 2854 986 2933 libere,
1011 2855 1133 2939 absque
1148 2854 1340 2939 calumpnia,
1364 2865 1398 2919 et

343 2957 412 3024 sine
436 2955 598 3034 theloneo,
619 2965 755 3040 excepto
775 2955 831 3019 die
854 2954 917 3020 fori
943 2978 1009 3040 quo
1031 2955 1066 3020 in
1091 2955 1260 3041 publicum
1273 2955 1398 3022 venalia

344 3057 469 3124 deferre
484 3057 617 3120 solitum
629 3066 687 3120 est.
716 3113 719 3118 ,

350 3215 355 3224 .
389 3157 473 3222 Cum
487 3157 599 3242 itaque
613 3158 708 3242 longe
731 3157 860 3242 lateque
883 3159 970 3224 fama
991 3158 1145 3224 bonitatis
1164 3182 1202 3224 ac
1223 3159 1398 3245 religionis,

183 3258 333 3309 diffisum·
345 3271 384 3326 ut
396 3259 525 3346 praefati
543 3281 666 3338 sumus,
681 3260 746 3323 Dei
767 3283 930 3324 servorum
951 3261 1039 3346 apud
1060 3261 1190 3326 Bellum
1211 3262 1400 3346 degentium

347 3371 381 3426 et
393 3361 624 3445 divulgaretur,
640 3360 846 3446 caritatisque
866 3362 1064 3427 abundantia
1082 3363 1239 3426 universis
1258 3364 1400 3448 gratuita

346 3486 548 3547 summopere
562 3463 828 3542 accumularetur,
843 3464 884 3527 ab
898 3464 1048 3528 omnibus
1070 3463 1157 3528 idem
1180 3464 1270 3529 locus
1284 3466 1399 3530 merito

347 3611 375 3691 in
386 3637 429 3689 his
450 3635 629 3689 Introduction
647 3643 675 3687 to
693 3634 852 3704 Doomsday,
896 3636 1010 3757 geltune,
1029 3635 1167 3706 according
1183 3645 1210 3689 to
1229 3637 1274 3689 the
1292 3638 1397 3707 Survey,

349 3706 367 3759 i.
379 3709 439 3759 133.
471 3705 568 3757 Sussex
578 3721 663 3757 seems
675 3712 702 3756 to
711 3703 776 3756 have
785 3704 851 3757 been
910 3709 1005 3771 .28,a.
1042 3706 1110 3758 That
1122 3706 1142 3758 it
1155 3706 1232 3759 could
1240 3707 1273 3759 be
1281 3725 1316 3759 no
1325 3706 1399 3759 other

349 3772 673 3844 famousforitssaltpits
693 3773 720 3826 in
732 3773 777 3827 the
788 3775 853 3826 time
898 3775 961 3828 than
981 3775 1026 3828 the
1046 3794 1095 3828 one
1116 3775 1176 3828 here
1196 3775 1354 3843 mentioned,
1375 3777 1401 3828 is

351 3844 381 3898 ol
390 3845 434 3898 the
444 3844 600 3914 conqueror.
637 3840 777 3914 SirHenry
787 3843 853 3896 Ellis
899 3844 966 3898 clear
992 3846 1058 3898 from
1088 3845 1133 3897 the
1163 3854 1237 3915 entry
1260 3845 1345 3898 which
1375 3845 1398 3898 is

351 3916 488 3981 mentions,
518 3914 584 3966 from
611 3912 772 3994 Doomsday‚
802 3922 853 3965 two
899 3915 995 3983 quoted
1015 3924 1043 3968 at
1062 3914 1161 3984 length.
1206 3917 1259 3967 Are
1279 3933 1318 3967 we
1336 3914 1398 3966 then

351 3983 470 4124 ltili
505 3983 556 4038 ⁸²¹³
595 3982 753 4053 ⁶¹³h‘y'fi'e'
766 3983 855 4036 '¹¹³‘
899 3992 998 4122 titt
1026 3983 1400 4134 ,inllbothhilssffiliff

388 4123 668 4246 'liltlhttlt
683 4119 854 4244 littei?
899 4122 1400 4246 tiltrlttlttll“ruffin

350 4210 440 4331 iligald
446 4261 490 4314 the
503 4261 584 4314 Valor
596 4231 677 4314 llich:
682 4278 714 4381 p
721 4231 788 4340 '’133,
797 4261 823 4314 b.
899 4261 1058 4330 Gengeltune
1071 4261 1103 4314 de
1113 4261 1188 4314 Will.
1199 4262 1308 4329 Werun,
1316 4261 1400 4314 tenuit

385 4331 471 4384 'One
485 4330 622 4410 letbertus
638 4329 688 4409 hel
714 4329 808 4410 elude
826 4331 856 4382 of
898 4330 1075 4411 deGodwino.
1106 4330 1184 4383 Nihil
1195 4331 1233 4384 ibi
1242 4341 1289 4386 est.
1321 4329 1400 4384 Valet

348 4395 411 4453 land
419 4400 449 4454 ol
461 4399 578 4452 erlram
586 4399 618 4452 de
628 4398 735 4452 Bralose
747 4417 774 4450 ιιι
785 4399 852 4452 Cen·
897 4417 934 4456 ιι.
947 4400 1015 4453 sol.’'
