3240 5154
354 532 417 596 164
655 544 829 596 msronra
854 542 1107 596 sunuamorus

351 693 440 758 vium
454 716 490 758 ac
510 693 684 778 promiscui
706 717 806 760 sexus
823 695 1034 760 multitudine
1060 691 1339 778 processionaliter
1362 699 1416 752 est

352 805 533 881 susceptus,
570 819 607 860 ac
647 797 676 862 si
703 797 814 861 adesse
851 797 1060 862 nuntiaretur
1086 795 1230 861 coelestis
1266 793 1413 878 angelus.

352 897 470 964 Paucis
480 897 529 964 ibi
542 907 686 962 moratus
700 898 827 978 diebus,
837 900 959 964 curiam
973 898 1097 964 domini
1110 898 1196 981 regis
1206 896 1413 983 postmodum

351 996 443 1073 adiit,
459 997 518 1062 ubi
539 1020 559 1061 a
576 1019 652 1081 rege
667 997 751 1062 tanti
771 998 902 1062 babitus
925 1009 987 1076 est,
1010 1007 1050 1060 ut
1063 997 1226 1080 quendam
1242 998 1412 1081 Rogerum
1521 1055 1527 1062 .

354 1097 595 1164 Cauwariensis
609 1099 754 1164 eeclesia
765 1100 969 1178 monachum,
981 1100 1052 1184 regi
1066 1098 1199 1162 omnino
1212 1099 1415 1184 incognitum

354 1203 389 1266 in
412 1203 607 1267 monasterio
622 1204 725 1268 sancti
744 1203 925 1288 Augustini
942 1201 1128 1266 Cantnariae
1152 1201 1326 1264 abbatem¹
1341 1201 1413 1264 fieri

353 1303 568 1390 permitteret,
584 1325 623 1368 eo
638 1304 707 1368 solo
722 1315 906 1384 contentus,
923 1305 1013 1390 quod
1026 1305 1126 1368 abbas
1147 1303 1187 1368 de
1203 1303 1298 1367 Bello
1312 1303 1415 1388 ipsius

353 1406 590 1472 commendavit
613 1429 795 1493 personam.
842 1407 937 1472 Licet
956 1406 1044 1470 enim
1063 1405 1240 1491 praedictus
1262 1405 1413 1489 Rogerus

353 1508 434 1574 alios
456 1510 497 1574 ab
521 1508 616 1573 initio
642 1511 837 1574 mediatores
859 1510 947 1596 apud
971 1531 1082 1592 regem
1095 1508 1250 1572 habuerit
1264 1519 1299 1570 et
1312 1507 1412 1570 inter-

353 1635 505 1691 cessores,
519 1635 586 1678 non
599 1614 710 1699 potuit
722 1623 830 1677 tamen
843 1636 905 1676 rex
919 1613 961 1678 ad
974 1633 1166 1676 consensum
1178 1609 1334 1696 pertrahi,
1348 1609 1412 1672 nisi

353 1714 445 1800 prius
465 1725 628 1780 constaret
650 1716 714 1780 sibi
738 1716 779 1779 de
805 1714 975 1779 honestate
998 1735 1146 1800 personae
1172 1734 1216 1775 ex
1230 1713 1357 1776 abbatis
1371 1712 1412 1776 de

355 1815 449 1880 Bello
474 1816 529 1880 cui
550 1816 648 1880 fidem
670 1816 787 1881 habuit
812 1815 1075 1881 commendatitia
1094 1814 1282 1892 assertione,
1308 1814 1412 1877 sciens

354 1939 431 1980 eum
453 1940 580 1982 morum
602 1918 706 2004 ipsius
733 1942 792 2004 per
814 1920 1079 2005 experimentum
1100 1917 1220 1981 habere
1249 1917 1411 1995 notitiam,

355 2041 454 2105 quem
483 2043 552 2084 suae
580 2031 715 2086 noverat
741 2022 910 2086 subditum
938 2020 1130 2106 disciplinae,
1160 2041 1235 2083 cum
1263 2018 1411 2104 prioratu

352 2120 546 2206 iungeretur
561 2122 801 2188 cantuariensis
816 2123 972 2188 ecclesiae.
1017 2123 1073 2187 Sic
1087 2121 1145 2186 illo
1160 2131 1321 2206 promoto,
1335 2142 1412 2184 con-

353 2224 430 2309 tigit
453 2225 648 2309 praedictum
664 2225 906 2290 Cantuariensis
921 2224 1067 2289 ecclesiae
1086 2223 1229 2309 priorem
1252 2222 1411 2286 Benedic-

354 2337 426 2391 tum
448 2328 535 2411 regis
557 2327 815 2412 indignationem
836 2328 1012 2392 incurrere.
1058 2325 1125 2390 Sed
1138 2327 1256 2391 abbate
1271 2325 1412 2388 interve-

353 2427 475 2506 niente,
502 2428 560 2512 qui
586 2429 744 2493 mediator
769 2430 961 2508 intercessit,
982 2452 1044 2494 rex
1064 2427 1204 2493 eundem
1219 2428 1362 2514 priorem
1375 2427 1411 2490 in

353 2538 477 2594 tantam
504 2529 642 2614 gratiam
670 2532 805 2618 recepit,
835 2544 875 2596 ut
902 2557 978 2598 eum
1004 2554 1157 2620 processu
1187 2529 1343 2615 temporis
1366 2529 1409 2592 ad

353 2632 516 2696 abbatiam
543 2632 647 2718 Burgi
670 2647 885 2720 promoveret.
931 2634 1015 2700 Haec
1040 2635 1115 2699 ideo
1140 2633 1348 2710 insemimus,
1372 2642 1412 2695 ut

231 2751 234 2758 '
354 2745 485 2820 quantae
499 2736 587 2821 apud
600 2736 708 2822 ipsum
722 2737 813 2822 regni
823 2736 1015 2823 principem,
1027 2759 1086 2800 seu
1101 2735 1264 2821 quaslibet
1278 2735 1413 2797 diversae

354 2837 548 2902 conditionis
570 2861 722 2924 personas
744 2839 877 2903 habitus
899 2839 943 2902 sit
963 2839 1165 2915 reverentiae,
1194 2850 1327 2922 quantae
1341 2836 1413 2920 opi-

354 2939 471 3018 nionis,
488 2950 620 3024 quantae
634 2940 902 3020 honorificentiae,
918 2941 1045 3026 liquido
1061 2941 1165 3026 possit
1179 2939 1314 3003 adverti.

190 3050 309 3144 mm
399 3040 507 3104 Unam
521 3064 566 3104 ex
580 3041 676 3106 cartis
690 3042 776 3127 regis
787 3043 959 3121 Willelmi,
972 3043 1155 3107 fundatoris
1169 3039 1355 3105 monasterii
1370 3039 1411 3102 de

191 3151 316 3243 ffi‘ffl
356 3140 461 3222 Bello,
478 3142 616 3228 contigit
631 3153 709 3208 tunc
731 3146 887 3230 temporis
901 3145 935 3208 in
955 3145 1026 3231 ipso
1041 3144 1235 3208 monasterio
1249 3151 1411 3206 vetustate

190 3252 335 3306 marry
355 3243 496 3311 dissolvi.
552 3245 661 3314 Quam
697 3269 772 3310 cum
800 3248 898 3311 abbas
927 3247 996 3331 regi
1025 3247 1234 3332 porrexisset,
1258 3249 1280 3281 “
1296 3244 1412 3322 Haec,”

189 3315 319 3446 RQ
355 3345 465 3432 inquit
493 3370 565 3428 rex,
597 3349 840 3413 “renovatione
870 3348 1063 3434 indigeret.”
1124 3348 1253 3413 Abbate
1282 3348 1324 3411 ad
1350 3347 1412 3410 boc

190 3454 299 3546 mg
355 3450 579 3535 respondente,
604 3450 682 3514 “Et
695 3472 754 3514 nos
778 3460 817 3513 ut
839 3474 910 3514 eam
935 3451 962 3514 si
987 3451 1094 3536 placet
1116 3450 1309 3514 auctoritate
1323 3450 1414 3533 regia

354 3551 536 3616 renovando
561 3552 756 3616 confirmetis
776 3553 1035 3638 supplicamus;”
1059 3558 1080 3588 “
1096 3553 1175 3618 Non
1187 3552 1281 3630 hoc,”
1303 3552 1414 3636 inquit

354 3676 426 3732 rex,
450 3657 472 3688 “
487 3652 550 3716 nisi
574 3676 617 3718 ex
633 3654 760 3739 judicio
775 3655 875 3718 curiae
890 3678 972 3719 meae
986 3655 1133 3720 facturus
1147 3654 1252 3719 sum.'’
1296 3652 1414 3716 Diver-

355 3754 397 3820 tit
418 3755 460 3819 ad
478 3754 549 3820 haec
572 3755 671 3819 abbas
685 3777 705 3819 a
718 3777 805 3840 rege,
828 3765 863 3819 et
877 3755 982 3820 virum
1002 3757 1163 3821 illustrem
1178 3755 1357 3822 Ricardum
1372 3755 1413 3818 de

355 3856 438 3922 Luci
452 3858 572 3940 adiens,
594 3857 678 3942 regis
693 3857 756 3926 sibi
770 3858 924 3943 exposuit
938 3882 1138 3945 responsum.
1184 3858 1240 3924 Ad
1261 3859 1350 3943 quod
1363 3857 1413 3920 vir

354 3960 489 4028 illustris
503 3959 663 4026 Ricardus
678 3961 884 4046 respondens,
901 3965 923 3996 “
940 3962 977 4026 Si
991 3962 1169 4040 nostrum,’'
1184 3960 1305 4046 inquit,
1322 3965 1344 3996 ‘⁴
1360 3983 1413 4024 su-

352 4085 412 4149 per
433 4063 495 4128 hoc
520 4073 714 4149 expectatur
729 4063 903 4150 judicium,
930 4065 971 4129 ad
991 4064 1144 4129 effectum
1158 4062 1327 4149 petitionis
1343 4072 1411 4126 tuae

353 4167 537 4232 unanimem
566 4166 710 4233 invenies
741 4167 842 4230 totius
869 4167 968 4231 curiae
992 4166 1215 4232 consensum.’'
1259 4165 1348 4228 Loco
1378 4175 1413 4227 et

353 4277 497 4356 tempore
522 4292 566 4333 ex
588 4268 722 4334 consilio
743 4268 804 4332 viri
819 4268 955 4333 illustris
971 4269 1105 4334 Ricardi
1127 4277 1313 4355 expectato,
1337 4289 1411 4330 cum

468 4419 475 4450 ¹
494 4418 543 4472 See
557 4417 652 4486 Thorn,
665 4436 691 4490 p.
706 4421 782 4486 1819,
795 4419 835 4472 for
846 4418 892 4472 the
903 4418 1003 4489 ground
1016 4420 1045 4473 of
1053 4418 1105 4474 this
1117 4417 1285 4490 displcasure.
