3278 5162
336 533 378 594 84
644 538 814 590 HISTORIA
840 535 1088 589 FUNDA'I'IONIS

172 723 325 814 mm
336 715 521 788 haberetur,
535 731 594 795 per
609 707 762 772 nuntium
781 706 890 771 omnia
904 706 1046 772 Ricardo
1063 707 1103 771 de
1124 705 1208 771 Luci
1225 706 1318 772 fratri
1337 730 1398 772 suo

173 824 326 865 00u¹¹⁸0frh²t
339 813 512 902 exposuit;
540 811 598 897 qui
620 810 727 876 omnia
748 820 788 874 ut
808 818 984 894 acceperat,
1000 809 1068 895 regi
1090 809 1240 874 intimare
1261 810 1397 874 curavit.

172 875 317 1015 ΞΞΞΘΪΕΠ·
340 921 418 986 Rex
435 938 511 981 vero
526 914 629 980 accito
653 913 815 999 episcopo,
837 912 994 998 praecepit
1017 913 1171 997 quatinus
1192 913 1343 977 abbatem
1358 913 1398 977 de

175 1022 314 1123 ffffig‘·
340 1021 434 1088 Bello
454 1029 494 1084 ut
513 1039 610 1083 suum
633 1015 835 1102 capellanum
857 1015 893 1078 in
912 1037 991 1100 pace
1016 1016 1057 1079 ab
1080 1014 1232 1080 omnibus
1256 1014 1397 1099 querelis

175 1123 297 1215 3323·
341 1147 409 1189 esse
434 1120 650 1209 permitteret,
671 1118 772 1182 donec
786 1117 820 1181 in
836 1116 990 1202 Angliam
1008 1117 1140 1182 rediret.
1185 1117 1322 1182 Factum
1349 1129 1400 1182 est

177 1225 234 1277 ⁸¹¹⁸
242 1224 296 1266 ἢ·
341 1236 461 1291 autem.

383 1329 463 1394 Post
472 1326 597 1392 Pascha
606 1325 706 1391 citato
718 1325 820 1410 gradu
831 1347 892 1389 rex
904 1325 945 1389 ad
965 1347 1052 1389 mare
1067 1346 1253 1411 properans,
1270 1346 1399 1388 navem-

339 1455 404 1518 que
419 1430 604 1507 ascendens,
624 1429 724 1492 flaute
738 1437 848 1494 austro
869 1428 1021 1507 secundo,
1037 1428 1072 1492 in
1093 1437 1193 1512 portu
1207 1425 1397 1492 Hamtoniae

341 1533 481 1621 appulit,
507 1532 651 1617 indeque
676 1553 788 1596 versus
803 1530 1009 1596 Lundoniam
1028 1531 1092 1595 iter
1106 1530 1255 1616 arripuit.
1299 1529 1401 1596 Quod

341 1638 441 1702 abbas
456 1657 530 1700 cum
545 1635 731 1720 accepisset,
746 1634 867 1720 paratis
882 1654 957 1719 quae
972 1633 1149 1700 necessaria
1171 1644 1273 1712 erant,
1294 1633 1401 1697 eidem

249 1761 251 1766 ·
342 1739 430 1825 apud
454 1737 618 1822 quoddam
647 1748 788 1800 castrum
813 1736 922 1802 fratris
951 1737 1002 1802 sui
1031 1735 1165 1802 Ricardi
1188 1736 1228 1800 de
1253 1735 1336 1800 Luci
1366 1735 1402 1798 in
1512 1791 1514 1796 .

341 1840 481 1906 Essexia
495 1839 606 1917 situm,
622 1838 734 1924 Angra
748 1839 890 1918 nomine,
906 1839 1056 1904 occurrit.
1093 1837 1402 1924 congratulantibus

342 1945 455 2028 itaque
464 1942 506 2006 ad
520 1941 667 2020 invicem,
684 1942 773 2026 quod
784 1940 858 2006 Deo
873 1942 1001 2007 favente
1016 1965 1167 2029 prospere
1182 1964 1244 2006 rex
1257 1961 1404 2006 reversus

342 2047 509 2122 extiterat,
523 2045 610 2108 inter
623 2044 761 2109 multam
775 2044 1070 2110 confabulationem
1083 2068 1144 2109 rex
1159 2045 1263 2109 eidem
1286 2066 1406 2130 praece·

342 2149 394 2234 pit
417 2147 537 2224 abbati,
562 2147 715 2231 quatinus
735 2146 788 2211 die
804 2145 1012 2212 Pentecostes
1035 2147 1178 2233 proximi
1201 2147 1289 2232 apud
1311 2168 1402 2211 sanc·

344 2263 416 2316 tum
439 2249 674 2314 Edmundum¹
690 2247 749 2312 ubi
772 2258 850 2313 tunc
864 2271 981 2314 corona
1000 2272 1058 2314 sua
1079 2249 1169 2334 regia
1187 2248 1334 2333 insigniri
1350 2249 1405 2313 de·

342 2352 452 2428 bebat,
467 2349 516 2413 ita
538 2348 754 2434 praemunitus
779 2360 814 2414 ct
835 2350 1014 2414 instructus
1039 2351 1090 2415 his
1116 2371 1192 2436 quae
1212 2351 1274 2415 sibi
1295 2350 1405 2416 forent

343 2450 521 2517 necessaria
543 2451 680 2530 veniret,
707 2461 746 2516 ut
771 2452 861 2537 quod
886 2452 950 2518 sibi
973 2465 1008 2518 et
1031 2453 1177 2518 ecclesiae
1197 2477 1265 2519 suae
1276 2455 1404 2540 justum

345 2555 442 2633 foret,
468 2563 581 2618 contra
609 2553 797 2640 episcopum
828 2553 994 2620 Cicestriae
1025 2555 1191 2622 Hilarium
1222 2555 1276 2620 cui
1305 2555 1404 2620 etiam

345 2657 469 2722 ibidem
494 2677 593 2743 super
613 2656 663 2721 his
683 2668 762 2721 tunc
781 2657 958 2723 terminum
971 2659 1171 2744 praefixerat,
1197 2657 1322 2723 racione
1337 2658 1406 2722 dic-

345 2769 448 2837 tante,
479 2757 672 2822 dirationare
697 2759 930 2844 praevaluisset.
989 2759 1063 2826 Hoc
1091 2761 1204 2826 audito
1237 2762 1336 2826 abbas
1364 2759 1406 2824 ad

346 2859 510 2946 quoddam
523 2859 703 2923 manerium
718 2883 813 2925 suum
827 2861 916 2927 haud
930 2862 1026 2947 longe
1041 2885 1061 2927 a
1074 2863 1230 2949 praedicto
1245 2873 1348 2927 castro
1363 2863 1406 2926 si-

346 2972 420 3025 tum
444 2959 586 3036 secessit,
614 2959 695 3025 Hou
717 2963 858 3041 nomine,
882 2964 1054 3050 opperiens
1077 2965 1125 3030 ibi
1145 2966 1231 3031 diem
1246 2966 1309 3031 sibi
1323 2987 1407 3052 prae·

349 3061 517 3146 scriptum.

186 3203 202 3232 Α
300 3219 306 3229 .
391 3162 492 3228 Anno
506 3161 608 3247 igitur
622 3165 663 3228 ab
681 3164 901 3232 incarnatione
924 3168 1096 3235 Dominica
1118 3170 1168 3236 M.
1185 3193 1212 3236 c.
1227 3169 1308 3250 lvii0,
1324 3193 1408 3236 anno

239 3253 299 3332 vai*
350 3265 474 3330 scilicet
493 3264 543 3329 iii0
557 3265 649 3350 regni
669 3263 806 3331 Henrici
825 3269 974 3355 praedicti
994 3271 1079 3356 regis
1095 3272 1247 3358 junioris,
1272 3273 1408 3337 Henrici

200 3355 237 3431 {⁴1⁷⁶
249 3354 324 3432 aia.
351 3367 460 3452 magni
480 3389 523 3431 ex
541 3367 610 3432 filia
633 3370 772 3454 nepotis,
791 3393 902 3437 mense
917 3372 955 3436 ii⁰
978 3396 1022 3438 ex
1037 3397 1103 3458 quo
1129 3375 1168 3440 de
1190 3376 1408 3440 transmarinis

188 3455 216 3532 ⁸1¹¹
270 3520 275 3533 .
351 3469 510 3555 partibus,
537 3469 596 3533 ubi
618 3492 703 3534 anno
725 3473 930 3557 praecedente
954 3475 1134 3554 transierat,
1162 3475 1248 3540 idem
1271 3499 1333 3540 rex
1357 3500 1409 3541 re-

353 3569 518 3656 patriavit,
533 3581 567 3635 et
591 3593 657 3656 quo
681 3573 862 3638 exercitum
877 3576 976 3640 duxit
997 3577 1032 3642 in
1051 3577 1205 3657 Waliam,
1221 3579 1273 3644 die
1289 3577 1408 3644 Pente-

350 3807 462 3890 buerunt
491 3810 519 3863 in
544 3807 707 3893 Normannia
730 3813 852 3870 adversus
902 3818 947 3872 the
968 3819 1040 3891 King
1057 3838 1086 3874 or
1102 3819 1143 3874 his
1163 3821 1307 3877 seneschal.
1343 3822 1405 3878 Dat.

349 3878 487 3935 clencos.''
523 3879 556 3933 In
573 3880 625 3935 tha
645 3882 784 3937 document
796 3885 817 3939 it
829 3887 852 3941 is
901 3889 968 3943 from
1003 3891 1106 3957 Rouen,
1136 3895 1214 3946 1205.
1264 3891 1406 3946 Martene's

351 3949 445 4017 stated,
469 3967 503 4003 on
524 3951 570 4004 the
591 3951 703 4006 cathol
724 3953 852 4025 Reginald
902 3960 1321 4034 Amplis.Collectio,i.p.1059.

352 4015 414 4072 Earl
426 4019 456 4072 ol
468 4019 592 4092 Bologne,
604 4023 655 4076 and
664 4023 852 4096 otherjurates,
944 4053 945 4056 ¹

351 4089 408 4142 that
425 4108 454 4143 as
462 4090 557 4144 wellin
570 4091 731 4166 Normandy,
747 4112 776 4149 as
788 4096 853 4150 else·
941 4099 949 4130 ¹
961 4099 1025 4153 This
1037 4100 1224 4156 circumstance
1233 4102 1256 4156 is
1268 4102 1407 4157 unnoticcd

350 4159 443 4227 where,
470 4178 504 4214 no
530 4161 684 4245 archbishop
708 4183 736 4218 or
761 4166 853 4238 bishop
902 4165 938 4240 by
950 4187 1001 4292 sup
1013 4171 1087 4225 other
1099 4171 1249 4241 chronicler,
1262 4191 1290 4226 as
1303 4173 1405 4227 larasI

350 4229 431 4298 ought
439 4238 465 4282 to
478 4235 817 4289 excommunicateabaron
826 4255 854 4290 or
902 4238 968 4294 have
998 4257 1045 4294 een
1058 4240 1155 4296 ableto
1168 4243 1294 4297 discover.
1333 4243 1406 4314 Bury

351 4297 445 4368 King’s
460 4303 751 4428 serjeant,orchaplqin
768 4307 799 4360 of
812 4307 854 4361 his
902 4325 956 4363 was
974 4309 1162 4382 distinguished
1181 4313 1220 4367 for
1239 4313 1272 4368 its
1298 4313 1407 4386 loyalty.

350 4367 440 4436 house,
459 4369 568 4424 without
589 4371 645 4426 first
663 4391 678 4428 a
697 4392 781 4446 using
789 4377 853 4431 with
902 4379 1126 4450 SeeYates,142.
