3240 5154
349 561 414 624 140
646 571 818 625 murenis
842 568 1092 622 runnsnouls

346 747 452 804 ouem,
462 724 565 788 sciens
579 723 732 809 quoniam
746 745 835 808 saepe
848 744 939 786 mors
950 721 1057 786 trahat
1069 717 1262 804 periculum.
1305 715 1404 782 Unde

347 827 424 910 quia
447 837 582 912 propter
600 825 693 910 regni
716 826 817 888 ardua
837 825 969 907 negotis
986 823 1108 907 qmbus
1120 822 1263 886 maxime
1276 820 1405 905 prospi-

346 951 418 992 cere
443 929 616 993 tenebatur
641 950 685 990 ex
699 927 806 991 officio
824 925 1020 1012 justiciario,
1046 924 1249 1008 qmbushbet
1262 923 1404 1007 negotiis

345 1030 525 1094 minonbus
547 1030 718 1094 audiendis
740 1052 867 1113 semper
887 1051 1000 1092 vacere
1024 1050 1091 1090 non
1104 1037 1244 1111 poterat,
1267 1026 1404 1090 notariis
1470 1105 1474 1112 Ι

345 1131 414 1196 suis
428 1131 594 1217 sigillique
608 1132 660 1196 sui
674 1132 863 1196 custodrbns
873 1131 1041 1215 praeccpit,
1056 1140 1096 1194 ut
1110 1129 1262 1212 quotiens
1274 1128 1403 1212 aliquos

344 1233 386 1296 ad
409 1233 517 1318 ipsum
542 1257 602 1319 pro
622 1233 825 1318 quibuslibet
839 1233 983 1318 ejusdem
997 1231 1142 1296 ecclesiae
1156 1231 1288 1315 agendis
1301 1231 1403 1293 inter·

343 1335 532 1420 pellandum
558 1337 667 1400 venire
691 1347 931 1420 cognoscerent,
955 1357 1034 1398 mox
1056 1333 1220 1398 sententia
1242 1334 1313 1418 ejus
1335 1355 1401 1396 non

344 1447 518 1521 expectata
539 1437 602 1502 nisi
627 1438 663 1500 in
686 1437 807 1516 arduis,
831 1435 963 1500 nomine
989 1458 1049 1500 suo
1064 1445 1181 1498 cuncta
1200 1456 1261 1519 pro
1282 1434 1401 1519 quibus

342 1538 506 1604 venissent
522 1540 726 1625 expedirent.

181 1695 246 1734 m
389 1639 459 1706 Sub
473 1640 536 1706 hoc
556 1653 702 1726 tempore
723 1641 949 1726 presbyterum
973 1639 1118 1704 ecclesiae
1138 1640 1179 1703 de
1198 1639 1259 1704 wi
1272 1638 1402 1704 Willel

180 1745 247 1785 11111
343 1764 433 1806 mum
456 1743 587 1807 nomine
606 1744 761 1807 decedere
776 1742 924 1825 contigit,
941 1764 1000 1826 qm
990 1743 1159 1827 ejusdem
1174 1740 1318 1808 ecclesie
1332 1762 1401 1804 me·

181 1843 307 1995 ξ’ζὲΜΡΞ
281 1893 307 1934 ὼ
343 1844 498 1910 dietatem
521 1867 566 1908 ex
580 1845 784 1910 concessione
807 1845 934 1908 abbatis
949 1844 1097 1908 defuncti
1121 1855 1156 1908 ct
1175 1844 1312 1908 fratrum
1326 1866 1401 1928 pos·

180 1993 217 2032 „⁶
310 1992 335 2034 ο,
264 1945 482 2014 ¹³⁰¹³scderat
527 1947 627 2016 Quod
641 1971 716 2013 cum
729 1948 820 2012 ad
790 1970 852 2012 vm
842 1947 1002 2011 illustris
1016 1945 1152 2010 Ricardi
1167 1947 1207 2010 de
1229 1945 1313 2010 Luci
1327 1968 1402 2030 per·

180 1999 306 2086 'mm
343 2049 484 2114 venisset
497 2049 659 2127 notitiam,
674 2049 800 2114 litteras
815 2049 1051 2135 deprecatorias
1064 2071 1125 2134 pro
1139 2047 1208 2112 filio
1223 2070 1283 2112 suo
1290 2046 1401 2111 Gode

343 2149 430 2214 frido
456 2151 496 2216 de
511 2149 595 2216 Luci
614 2150 715 2236 priori
738 2163 772 2214 et
787 2150 961 2216 conventui
976 2150 1110 2228 direxit,
1134 2161 1174 2214 ut
1187 2173 1218 2212 11
1208 2127 1401 2214 ecclesiam

342 2251 446 2335 ipsam
472 2252 556 2316 sicut
578 2252 767 2316 Willelmus
790 2262 951 2331 tenuerat,
978 2252 1151 2316 tenendam
1176 2252 1398 2316 concederent.

344 2351 454 2416 Lectis
469 2353 503 2416 in
519 2352 663 2416 omnium
684 2353 849 2416 audientia
863 2353 992 2431 litteris,
1017 2353 1228 2418 decrevenmt
1242 2354 1325 2418 tanti
1339 2353 1400 2416 viri

343 2452 558 2538 petitionibus
583 2477 650 2518 non
668 2455 790 2533 deesse,
818 2477 916 2539 quem
940 2455 1004 2518 sibi
1032 2455 1068 2518 in
1091 2456 1242 2520 omnibus
1267 2455 1400 2538 agendis

344 2565 511 2620 senserant
532 2566 697 2639 gratanter
715 2557 837 2622 adesse.
883 2555 992 2640 Igitur
1006 2557 1151 2620 unanimi
1166 2557 1301 2622 consilio
1314 2581 1401 2643 prae-

345 2657 460 2724 bentes
485 2680 660 2737 assensum,
683 2658 863 2744 postulanti
891 2658 1047 2742 rescripto
1075 2659 1338 2741 significaverunt
1366 2683 1400 2724 se

345 2760 434 2845 quod
442 2762 638 2846 petebantur
645 2773 809 2845 praestare,
816 2760 1024 2825 Willelmum
1033 2760 1164 2844 quidem
1173 2762 1400 2846 presbyterum

344 2862 553 2926 medietatem
570 2871 696 2924 tantum
718 2861 820 2945 ipsius
835 2861 979 2926 ecclesiae
993 2862 1183 2954 possedisse,
1199 2885 1299 2946 seque
1315 2887 1401 2928 eam-

346 2963 420 3026 dem
443 2963 650 3027 medietatem
676 2963 856 3028 Godelrido
879 2964 920 3027 de
944 2963 1029 3028 Luci
1053 2964 1123 3028 filio
1147 2987 1206 3028 suo
1229 2966 1400 3049 petitionis

344 3085 414 3128 suae
434 3065 539 3148 gratia
553 3066 736 3130 concedere.
783 3065 986 3149 Cognoscens
1005 3066 1204 3131 Godefridus
1219 3091 1400 3132 concessam

345 3166 408 3230 sibi
432 3189 498 3231 non
521 3166 646 3252 integre
670 3167 846 3246 ecclesiam,
870 3168 927 3232 sed
941 3179 1069 3232 tantum
1084 3170 1228 3234 ecclesiae
1244 3171 1400 3234 medieta-

345 3277 422 3348 tem,
437 3291 517 3333 mox
531 3268 678 3354 ingratus
692 3293 751 3355 pro
765 3270 860 3335 bonis
874 3271 1002 3334 studuit
1015 3271 1099 3335 mala
1112 3273 1301 3357 rependere,
1321 3274 1401 3336 totis

344 3370 467 3438 viribus
492 3393 601 3456 agens,
629 3394 694 3456 quo
708 3372 916 3436 medietatem
930 3395 996 3436 non
1011 3395 1192 3438 concessam
1207 3376 1247 3438 de
1262 3375 1400 3439 fratrum

345 3473 494 3538 manibus
509 3483 731 3558 extorqueret,
755 3474 866 3558 sicque
881 3484 982 3539 totam
996 3475 1094 3539 simul
1108 3477 1273 3540 ecclesiam
1287 3477 1350 3540 sibi
1364 3478 1400 3540 in

184 3583 276 3646 11ιιι11ιιι
345 3574 578 3658 possessionem
603 3575 772 3659 redigeret.
816 3576 993 3641 Festinus
983 3588 1094 3662 rtaque
1110 3579 1277 3644 dominum
1290 3602 1400 3664 regem

181 3633 403 3738 31111111111111111
424 3696 482 3760 per
505 3697 538 3740 se
562 3697 620 3739 seu
640 3697 699 3760 per
718 3699 793 3742 suos
815 3677 944 3742 adiit
916 3701 1012 3764 eique
1035 3680 1202 3744 ecclesiam
1216 3681 1256 3744 de
1270 3681 1329 3744 Wi
1343 3682 1399 3744 de·

181 3734 221 3824 1111
220 3734 283 3836 'qus
345 3774 459 3841 t'uncto
484 3778 674 3863 presbytero
697 3799 820 3856 vacare,
837 3801 937 3864 seque
955 3782 1147 3844 succedendi
1163 3782 1317 3847 defuncto
1332 3783 1399 3868 pri·

345 3878 409 3944 oris
435 3889 469 3944 et
497 3889 673 3944 conventus
703 3880 742 3945 de
773 3880 867 3945 Bello
896 3905 1059 3946 assensum
1082 3884 1202 3948 habere
1226 3885 1397 4000 suggessit,

344 3981 511 4067 postulans
537 3992 575 4048 ut
601 3982 754 4068 quoniam
777 3984 894 4049 abbate
910 3985 1092 4049 defuncto
1082 4008 1152 4070 1pse
1168 4009 1229 4049 rex
1242 3987 1327 4050 vices
1341 3988 1400 4050 ab·

343 4081 427 4149 batis
448 4083 617 4150 videbatur
641 4108 746 4171 agere,
774 4075 941 4150 ecclesiam
960 4086 1063 4172 ipsam
1084 4088 1271 4153 confirmato
1286 4111 1399 4153 eorum

342 4207 473 4250 assensu
488 4185 550 4251 sibi
564 4185 654 4271 regis
667 4186 858 4251 auctoritate
869 4187 1251 4272 dignaretur'concedere.
1295 4190 1399 4254 Vide·

343 4297 398 4350 tur
421 4287 455 4350 in
484 4288 544 4354 hac
565 4310 623 4352 sue
646 4289 851 4372 suggestione
876 4289 944 4374 regi
959 4290 1055 4368 facta,
1084 4293 1172 4376 quod
1193 4293 1233 4356 de
1249 4314 1398 4356 concessa

332 4385 483 4453 η1111111111
498 4389 658 4456 duntaxat
670 4389 813 4456 ecclesiae
827 4392 999 4456 medietate
1015 4393 1231 4472 meminimus,
1247 4417 1399 4480 suppres-
