3240 5154
364 579 428 644 132
667 591 839 642 ursronm
864 586 1115 640 runorrroms

200 755 351 814 Promptiana
363 741 448 824 regis
463 740 622 804 willelmi
637 740 732 826 primi
748 739 951 824 temporibus
965 761 985 801 a
1000 740 1141 822 quodam
1156 736 1258 800 milite
1271 735 1419 799 Osbemo

200 805 486 946 ffiffligsscilicet
510 842 661 926 Hugonis
682 842 763 920 filio,
787 843 893 904 ml*
917 863 1005 903 acras
1027 839 1113 924 prati
1139 840 1226 924 apud
1252 837 1419 901 Bodeham

297 933 303 953 ⁹
364 945 447 1008 datis
462 945 492 1007 ei
509 945 746 1029 quinquaginta
759 944 870 1006 solidis
885 965 1093 1028 comparasse.
1140 941 1230 1008 Quia
1242 963 1318 1004 vero
1332 941 1420 1003 idem

362 1057 491 1130 pratum
506 1047 743 1131 aliquantulum
763 1070 782 1110 a
802 1045 994 1109 monasterio
1009 1055 1057 1107 est
1075 1054 1247 1121 remotum,
1263 1043 1419 1127 expedire

363 1149 467 1212 visum
491 1159 551 1226 est,
578 1159 617 1212 ut
639 1148 736 1211 alicui
761 1147 908 1211 fidelium
936 1146 993 1230 qui
1018 1147 1053 1208 in
1075 1146 1194 1210 vicinio
1219 1145 1419 1208 mansionem

363 1250 507 1327 haberet,
532 1251 633 1335 ipsius
658 1249 743 1335 prati
766 1249 1021 1313 committeretur
1047 1248 1203 1312 custodia.
1250 1247 1315 1310 Sed
1341 1247 1420 1331 quia

364 1363 473 1416 tutum
498 1353 630 1416 minime
654 1352 825 1416 videbatur
848 1351 931 1414 hanc
961 1373 1069 1414 curam
1095 1349 1194 1413 alicui
1217 1349 1419 1412 committere

365 1455 422 1540 qui
438 1455 477 1517 de
493 1453 679 1518 monasterii
697 1476 763 1516 non
783 1463 868 1515 esset
889 1451 1099 1537 possessione,
1113 1473 1174 1515 nec
1194 1451 1271 1535 quia
1289 1460 1420 1535 pratum

363 1557 446 1619 illud
457 1567 563 1620 totum
574 1555 609 1618 in
624 1556 690 1618 udo
704 1565 763 1631 est,
775 1555 865 1617 locus
879 1553 996 1637 aliquis
1010 1554 1153 1638 patebat,
1163 1553 1220 1616 ubi
1235 1563 1421 1638 competens

364 1657 486 1721 mansio
510 1659 548 1720 ad
576 1657 788 1720 habitandum
816 1655 852 1719 in
877 1656 947 1740 ipsa
974 1655 1174 1740 possessione
1203 1655 1274 1717 fieri
1298 1665 1418 1739 posset,

363 1782 515 1844 processu
539 1759 693 1843 temporis
720 1781 794 1822 cum
819 1757 923 1820 milite
953 1757 1093 1840 quodam
1123 1756 1270 1820 Roberto
1296 1757 1421 1820 scilicet

365 1861 485 1937 Rome,
514 1861 549 1924 in
572 1861 689 1924 vicinio
719 1859 804 1944 prati
828 1859 930 1943 ipsius
958 1858 1139 1936 habitante,
1169 1869 1277 1921 actum
1306 1869 1355 1922 est
1380 1869 1421 1922 ut

363 1963 524 2048 quandam
545 1972 670 2047 partem
692 1972 788 2025 terrae
810 1970 903 2047 prato
925 1960 1110 2044 contiguam
1134 1960 1175 2023 de
1196 1960 1339 2024 dominio
1359 1984 1419 2027 suo

364 2064 436 2127 Deo
451 2074 486 2127 et
498 2066 593 2128 beato
608 2064 753 2128 Martino
768 2063 803 2126 in
816 2064 951 2126 liberam
965 2075 999 2126 et
1018 2073 1209 2148 perpetuam
1229 2064 1420 2127 concederet

362 2167 547 2231 monasterii
562 2167 804 2252 possessionem.
850 2165 948 2228 Facta
958 2175 1008 2228 est
1023 2187 1099 2249 ergo
1110 2165 1177 2228 illic
1192 2165 1319 2229 custodi
1334 2167 1420 2250 prati

363 2270 485 2332 mansio
501 2279 685 2352 competens
700 2268 741 2331 ad
754 2268 1010 2332 inhabitandum.
1089 2303 1093 2308 ·

202 2387 253 2476 '2¹²¹'
262 2387 339 2438 aright
406 2371 553 2454 Rogatus
574 2370 784 2432 nihilominus
808 2370 895 2432 idem
909 2369 1076 2433 Robertus
1091 2369 1198 2433 Bome
1219 2370 1418 2450 afratribuS,

200 2449 213 2476 ⁰
230 2449 280 2488 m
362 2471 446 2534 viam
461 2495 480 2534 a
493 2471 649 2555 praedicto
665 2481 756 2556 prato
772 2493 943 2555 quousque
958 2471 1095 2534 feudum
1109 2495 1205 2535 suum
1218 2495 1329 2537 versus
1341 2474 1420 2537 Bel·
1451 2487 1455 2496 ’

362 2573 430 2636 lum
453 2574 645 2637 extenditur
668 2573 834 2650 concessit,
850 2584 974 2658 apatre
997 2597 1055 2637 suo
1078 2573 1204 2659 pridem
1225 2598 1420 2656 concessam,

361 2699 420 2760 per
435 2699 533 2761 quam
543 2677 671 2740 foenum
689 2686 723 2739 et
746 2675 810 2738 alia
823 2676 1001 2739 necessaria
1015 2677 1055 2739 ab
1071 2678 1183 2740 eodem
1199 2688 1292 2762 prato
1313 2702 1417 2762 usque

363 2779 492 2843 Bellum
507 2781 603 2843 carris
619 2789 652 2842 et
666 2779 822 2842 vehiculis
843 2778 1116 2863 pertraherentur,
1134 2781 1264 2844 omnino
1283 2782 1417 2866 quidem
1449 2861 1454 2868 ,

361 2882 506 2960 liberam,
537 2893 571 2945 et
600 2883 639 2944 ab
665 2881 752 2943 omni
781 2881 918 2944 fratrum
947 2881 1103 2944 heredum
1132 2905 1168 2945 ac
1198 2905 1417 2946 successorum

360 2973 491 3044 suorum
513 2982 671 3045 calumnia
687 2992 846 3066 perpetuo
871 2979 1025 3066 quietam.
1070 2982 1242 3047 Dederunt
1261 2995 1370 3048 autem
1385 2986 1418 3048 11

360 3083 475 3144 fratres
505 3093 575 3146 tum
603 3105 662 3167 pro
692 3093 807 3146 mutua
831 3083 982 3146 beneficii
1010 3087 1317 3169 recompensatione,
1345 3098 1416 3152 tum

360 3185 537 3248 testimonii
552 3185 656 3248 futuri
671 3184 775 3269 gratia
795 3207 853 3248 sex
870 3186 999 3265 solidos,
1014 3197 1048 3250 et
1065 3186 1183 3271 caligas
1201 3189 1320 3252 ferreas
1336 3212 1418 3273 quas

360 3287 492 3371 quidam
506 3287 635 3372 proprie
652 3309 760 3350 ocreas
775 3287 898 3366 dicunt,
915 3288 1076 3352 auxilium
1092 3289 1214 3353 scilicet
1229 3314 1294 3375 quo
1312 3314 1416 3356 unum

359 3412 402 3452 ex
421 3390 575 3453 fratribus
593 3389 660 3454 suis
680 3389 808 3452 militiae
826 3390 1010 3455 ascriberet.
1056 3390 1139 3456 Cum
1159 3415 1234 3455 vero
1253 3393 1416 3456 modicum

358 3502 454 3554 terrae
469 3491 555 3554 inter
580 3491 792 3576 saepedictum
812 3503 943 3576 pratum
966 3502 999 3556 et
1022 3493 1190 3579 praefatam
1215 3495 1414 3558 mansionem

358 3593 513 3656 custodiae
529 3593 631 3676 ipsius
646 3594 730 3677 prati
746 3593 942 3678 adquisitam
955 3606 1092 3660 restaret
1106 3597 1309 3682 interjacens,
1326 3599 1415 3683 quod

357 3693 489 3776 agendis
511 3693 658 3771 fratrum,
675 3705 713 3756 ut
736 3718 774 3758 ea
794 3695 927 3773 scilicet,
947 3718 1021 3780 quae
1043 3699 1121 3761 illuc
1146 3699 1180 3761 111
1203 3721 1281 3762 usus
1301 3723 1413 3763 eorum

357 3795 485 3878 navigio
513 3794 754 3858 advehebantur
787 3797 822 3858 iu
848 3797 932 3861 sicco
969 3800 1154 3863 collocanda
1181 3801 1412 3886 reciperentur,

357 3896 525 3965 videbatur
551 3897 802 3974 accommodum,
823 3899 872 3961 vir
898 3901 1092 3965 venerabilis
1114 3903 1212 3965 abbas
1232 3903 1412 3967 Walterius

356 3999 554 4064 antedictum
580 3999 763 4063 Robertum
788 3999 897 4064 Borne
927 4012 961 4065 et
987 4003 1092 4066 filium
1127 4005 1198 4088 ejus
1229 4005 1411 4069 Radulfum

355 4112 425 4165 tum
447 4124 506 4185 per
534 4124 567 4164 se
596 4111 667 4165 tum
695 4123 755 4186 per
784 4123 858 4166 suos
881 4103 1082 4182 conueniens,
1107 4127 1180 4169 cum
1210 4106 1256 4169 eis
1283 4107 1350 4190 egit
1377 4118 1411 4171 et

355 4203 508 4280 obtinuit,
538 4214 576 4266 ut
606 4204 877 4288 quemadmodum
906 4205 1024 4270 dictam
1054 4208 1264 4286 mansionem,
1299 4209 1346 4272 ita
1375 4221 1410 4273 et

353 4303 514 4366 modicum
544 4303 626 4368 illud
656 4317 751 4368 terrae
787 4307 875 4390 quod
905 4305 1010 4372 eidem
1047 4309 1213 4394 adjacebat
1248 4312 1340 4395 quasi
1370 4312 1410 4374 de

353 4406 495 4470 dominio
510 4429 569 4469 suo
585 4417 662 4484 erat,
680 4407 753 4470 Deo
768 4418 802 4472 et
821 4409 918 4472 beato
934 4407 1079 4473 Martino
1104 4434 1163 4495 pro
1185 4435 1243 4476 sua
1263 4435 1410 4476 suorum-
