3240 5154
538 565 760 618 nouasraml
787 565 835 615 nn
857 564 982 615 annno.
1220 547 1282 618 167

218 715 385 800 capellano
409 715 545 782 Thomae
569 717 699 782 nomine
729 717 793 803 ipsi
823 717 980 782 Aluredo
999 725 1077 785 tune
1103 715 1282 780 adhaerenti

215 818 441 882 concederent.
486 818 552 883 Sed
573 819 710 885 fratnun
733 819 925 884 universitas
944 817 1133 904 hujusmodi
1147 818 1280 882 manda·

217 929 289 984 tum
317 942 402 1004 aegre
427 922 615 1007 suscipiens,
638 922 751 986 habito
766 921 911 986 unanimi
936 921 1071 986 consilio
1091 920 1279 984 monasterii

217 1022 381 1087 sacristam
392 1023 576 1090 Roberturn
588 1025 628 1088 de
640 1024 760 1090 Chaam
771 1025 913 1102 nomine,
926 1023 990 1110 ipsi
1002 1022 1149 1088 Aluredo
1163 1032 1279 1086 notum

216 1134 250 1188 et
264 1124 466 1204 familiarem,
483 1127 612 1190 adeum
627 1136 714 1190 trans
728 1149 815 1190 mare
830 1126 963 1205 direxit,
978 1147 1052 1190 cum
1068 1147 1107 1188 eo
1122 1123 1279 1188 omnimo·

219 1227 269 1290 dis
283 1237 441 1306 actmum,
465 1237 504 1291 ut
523 1251 543 1292 a
565 1227 734 1313 petitionis
756 1248 825 1293 suae
839 1229 991 1292 recedens
1005 1225 1161 1290 instantia
1175 1247 1275 1310 super

217 1329 354 1413 praefata
368 1329 502 1394 ecclesia
521 1351 577 1393 eos
600 1329 734 1394 minime
754 1339 899 1408 vexaret,
926 1329 1108 1412 clericoque
1125 1349 1184 1392 suo
1199 1327 1278 1392 alias

215 1429 408 1514 provideret.
464 1430 694 1518 Prosperatum
723 1442 773 1497 est
798 1432 863 1496 iter
888 1431 998 1496 fratris
1027 1429 1277 1508 transfretantis,

215 1533 438 1618 expeditoque
456 1556 516 1618 per
539 1556 615 1599 eum
634 1534 778 1619 negotio,
794 1543 990 1598 memoratus
1005 1531 1171 1596 Aluredus
1186 1554 1205 1595 a
1219 1554 1278 1595 sua

215 1635 372 1719 petitione
388 1634 515 1721 quievit
536 1658 635 1720 quam
656 1635 859 1700 universitati
874 1635 1012 1699 fratrum
1027 1654 1193 1698 onerosam
1208 1656 1277 1698 esse

216 1737 375 1821 cognovit
411 1735 474 1800 His
488 1737 536 1802 ita
550 1738 792 1822 quiescentibus
808 1736 1003 1822 quieverunt
1016 1745 1051 1800 et
1065 1735 1187 1814 caeteri,
1202 1759 1276 1821 pos-
1289 1759 1403 1821 quaqua,

216 1839 364 1923 seditque
379 1862 422 1903 ex
437 1849 515 1904 tunc
532 1841 665 1927 pacifice
681 1841 847 1906 ecclesiam
870 1839 1062 1906 universitas
1076 1840 1274 1920 monasterii,
1287 1810 1441 1920 ffiffl

216 1950 286 2005 toto
307 1943 514 2026 postmodum
535 1954 680 2028 tempore
701 1966 767 2029 quo
782 1942 1012 2008 monasterium
1027 1941 1144 2006 abbate
1160 1929 1433 2032 caruit,},¹,',¹'1',}l,¹,'¹sstf,²,‘{

217 2063 321 2128 usque
336 2043 378 2106 ad
394 2043 519 2108 Odonis
532 2045 658 2110 abbatis
673 2045 859 2122 adventum,
880 2067 950 2108 eam
965 2044 1007 2107 ad
1020 2044 1192 2108 luminaria
1205 2067 1275 2109 mo·
1286 2029 1415 2132 &Q

216 2145 349 2209 nasterii
366 2145 541 2229 assignans,
556 2145 698 2210 maxime
715 2156 825 2210 autem
840 2146 882 2210 ad
896 2167 1024 2210 cereum
1040 2167 1146 2210 coram
1159 2147 1275 2232 majori

215 2249 309 2312 altari
324 2259 358 2313 et
372 2271 504 2334 corpore
520 2247 653 2328 Christi,
668 2249 817 2335 reliquiis
832 2272 965 2335 quoque
988 2258 1171 2314 sanctorum
1193 2249 1275 2313 inihi

215 2350 366 2435 repositis
388 2350 515 2436 jugiter
528 2372 686 2416 arsurum.
732 2350 766 2414 A
779 2353 885 2437 prima
899 2350 986 2414 enim
1000 2350 1193 2415 fundatione
1206 2372 1276 2416 mo-

215 2452 348 2517 nasterii
361 2475 466 2538 usque
481 2454 522 2518 ad
542 2464 671 2540 tempus
685 2453 779 2532 illud,
795 2453 957 2540 lampades
972 2453 1046 2518 cleo
1060 2453 1227 2518 immundo
1242 2461 1277 2516 et

215 2553 334 2619 foetido
348 2555 467 2620 infusae
479 2579 586 2622 coram
598 2555 720 2621 Christi
736 2579 868 2641 corpore
883 2556 1150 2621 accendebantur.
1196 2556 1276 2620 Sus·
1289 2575 1420 2637 laterata·

214 2666 309 2740 cepto
325 2657 414 2742 apud
422 2657 555 2722 Bellum
567 2657 682 2723 Odone
697 2659 824 2736 abbate,
839 2667 915 2744 post
928 2680 1047 2742 paucos
1062 2659 1277 2742 susceptionis
1287 2626 1438 2679 mm*
1480 2645 1482 2649 ⁸

214 2779 283 2821 suae
313 2758 382 2822 dies
412 2759 542 2845 scripsit
578 2760 610 2824 ei
636 2759 797 2825 Ricardus
823 2760 1063 2825 Cantuariensis
1093 2759 1275 2845 episcopus,

214 2859 315 2924 totius
352 2859 486 2946 Angliae
515 2861 647 2948 primas,
684 2871 718 2926 et
746 2862 933 2949 apostolicae
962 2861 1047 2927 sedis
1075 2861 1202 2946 legatus
1240 2884 1275 2925 se

213 2963 407 3028 auctoritate
437 2965 537 3050 legati
557 2965 614 3030 illo
639 2987 708 3030 esse
733 2979 919 3030 venturum.
966 2963 1078 3028 Sciens
1093 2963 1204 3048 itaque
1219 2964 1276 3028 ab·

211 3066 268 3128 bas
297 3065 488 3130 clericorum
521 3067 755 3153 archiepiscopi
785 3067 1009 3153 cupiditatem,
1047 3067 1105 3152 qui
1132 3066 1159 3130 si
1189 3066 1274 3132 forte

214 3188 301 3250 saepe
334 3167 532 3232 nominatam
564 3169 731 3234 ecclesiam
751 3169 984 3254 parrochialem
1020 3178 1187 3232 vacantem
1223 3169 1275 3232 in-

214 3269 372 3345 venirent,
402 3291 473 3334 eam
505 3269 700 3357 importunis
733 3271 885 3356 precibus
916 3269 1150 3354 archiepiscopi
1170 3270 1274 3333 medi-

213 3370 345 3434 antibus
372 3371 412 3434 de
444 3372 594 3436 manibus
620 3371 687 3436 suis
713 3381 959 3456 extorquerent,
990 3371 1132 3435 decrevit
1157 3371 1274 3434 adven-

215 3483 287 3536 tmn
322 3472 556 3559 archiepiscopi
596 3473 786 3560 praevenire,
825 3495 868 3538 ex
906 3495 1064 3537 consensu
1096 3483 1274 3537 conventus

214 3574 292 3639 licet
315 3595 401 3660 aegre
425 3576 626 3655 sustinentis,
654 3577 780 3642 cuidam
804 3586 941 3661 cognato
958 3597 1028 3654 suo,
1052 3574 1194 3640 Johanni
1215 3598 1274 3639 no-

213 3678 311 3759 mine,
328 3679 494 3764 capellano
516 3679 660 3744 ecclesiae
678 3681 717 3745 de
731 3678 968 3756 Heriatesham,
991 3700 1062 3742 eam
1082 3677 1272 3757 concedens,

212 3782 376 3845 mediante
391 3792 500 3846 tamen
515 3783 712 3862 conditione,
735 3793 775 3847 ut
789 3782 914 3847 scilicet
933 3781 969 3845 in
986 3781 1118 3867 propria
1137 3803 1274 3865 persona

213 3883 248 3946 in
264 3906 302 3946 ea
315 3884 500 3950 deserviret.
545 3885 592 3950 Et
614 3909 655 3950 ne
677 3885 813 3951 moleste
830 3885 930 3948 ferret
942 3893 1118 3947 conventus
1132 3881 1273 3964 assigna·

213 3983 335 4050 tionem
363 4009 453 4050 suam
479 4009 576 4071 super
597 3987 731 4052 ecclesia
751 3987 876 4051 irritam
893 3985 976 4063 fieri,
997 3981 1170 4047 luminaria
1193 4004 1273 4066 quo·

213 4109 277 4171 que
303 4107 378 4171 quae
401 4087 443 4151 ad
466 4088 563 4152 decus
594 4099 629 4153 et
654 4090 802 4154 decorem
825 4085 1013 4151 monasterii
1038 4083 1274 4149 constituerant

213 4189 381 4252 crederent
395 4189 513 4253 debere
529 4191 691 4275 extingui,
707 4189 863 4254 satisfecit
878 4189 925 4252 eis
944 4188 1043 4253 abbas
1066 4208 1164 4272 super
1177 4185 1274 4250 lumi-

214 4291 347 4356 naribus
369 4315 436 4354 non
458 4292 701 4377 extinguendis,
725 4292 917 4378 promittens
940 4314 973 4354 se
1003 4290 1083 4354 alias
1113 4288 1191 4353 satis
1219 4287 1275 4352 ha-

211 4393 561 4480 bundeprovisurum,
578 4419 644 4480 quo
664 4396 710 4460 sic
724 4395 1002 4473 continuarentur,
1023 4416 1064 4458 ne
1080 4415 1177 4478 super
1197 4391 1277 4476 ipsis

213 4495 391 4580 quicquam
407 4497 664 4563 subtraheretur.
