3240 5154
198 717 268 757 Bsttle

197 767 313 858 {tltdt

196 868 336 970 ttulit,

196 967 279 1007 forthst

197 1030 289 1070 ΡῑῑΙῬΜθ

195 1215 345 1268 Thellingde-

195 1267 269 1326 munds
278 1269 346 1309 svievr

366 525 428 588 146
669 540 839 591 msronm
863 539 1111 591 ruunarroms

360 691 555 776 legationem
570 693 605 755 in
620 693 821 756 monasteriis
836 712 911 776 quae
925 692 1081 757 viciniora
1096 691 1290 755 videbantur
1313 715 1416 777 expe-

360 793 495 872 dientes,
527 793 658 858 Bellum
688 818 793 880 usque
821 807 1047 880 pervenerunt.
1099 795 1249 862 Quorum
1274 795 1416 859 adventu

360 897 501 980 cognito,
528 921 607 962 mox
627 899 735 983 priore
761 909 895 963 vocante
920 898 1070 962 convenit
1092 898 1127 961 in
1146 897 1325 983 capitulum
1345 908 1415 961 tota

359 998 457 1062 simul
481 1003 696 1087 congregatio.
741 1003 926 1067 Introducti
947 1002 1055 1066 clerici
1077 1002 1162 1088 regis
1184 1012 1218 1065 ct
1241 1000 1415 1085 archiepis·

360 1101 433 1186 copi
448 1105 598 1167 mandata
617 1115 845 1189 porrexerunt,
865 1125 940 1190 quae
954 1105 1029 1168 ilico
1039 1104 1075 1166 in
1090 1104 1233 1167 omniurn
1248 1101 1415 1166 audientia

358 1203 444 1268 lecta
457 1217 544 1270 sunt.
588 1205 765 1292 Expeditis
779 1207 928 1270 omnibus
943 1229 1018 1290 quae
1032 1229 1093 1290 per
1100 1205 1233 1269 clericos
1249 1205 1336 1290 ipsos
1345 1204 1413 1267 illic

357 1307 481 1389 agenda
489 1309 690 1386 videbantur,
701 1331 775 1373 eum
782 1309 851 1393 jam
860 1309 1095 1372 abscedendum
1104 1317 1267 1394 putarent,
1277 1317 1412 1391 repente

288 1396 293 1407 ⁸
357 1408 492 1474 nuntius
506 1410 590 1474 alius
604 1411 745 1488 advenit,
762 1411 820 1495 qui
835 1411 960 1474 litteras
974 1409 1157 1494 inopinatas
1170 1409 1272 1494 priori
1286 1419 1320 1472 et
1335 1430 1410 1471 con-

355 1512 469 1574 ventui
490 1513 621 1576 nomine
646 1513 731 1597 regis
751 1513 959 1599 porrigendas
974 1511 1104 1590 detulit,
1120 1512 1322 1575 continentes
1338 1509 1411 1595 qui-

357 1614 430 1678 dem
446 1616 599 1699 quatinus
613 1617 703 1701 prior
722 1627 757 1680 et
777 1616 893 1680 iratres
908 1615 966 1699 qui
981 1615 1104 1678 curiam
1127 1614 1250 1698 regiam
1270 1612 1410 1696 eligendi

354 1716 458 1798 gratia
482 1718 620 1799 pastoris
645 1717 766 1781 adituri
792 1728 895 1794 erant,
919 1728 1021 1780 cartas
1045 1716 1242 1800 dignitatum
1261 1738 1298 1778 ac
1311 1703 1411 1777 liber-

355 1826 460 1880 tatum
486 1839 617 1882 suarum
641 1842 660 1882 a
679 1841 755 1902 rege
778 1819 947 1882 Willelmo
969 1819 1156 1882 monasterii
1180 1817 1283 1903 ipsius
1296 1815 1411 1879 inclito

354 1917 526 1984 fundatore
554 1921 855 2006 successoribusque
890 1923 960 2007 ejus
986 1921 1119 2005 regibus
1144 1919 1207 1983 sibi
1235 1941 1411 1995 concessas,

354 2043 463 2085 secum
484 2023 655 2114 deferrent.
701 2023 892 2109 Stupefacta
915 2024 956 2088 ad
977 2023 1038 2086 hoc
1060 2023 1247 2086 mandatum
1262 2021 1412 2084 universa

353 2125 570 2208 congregatio,
590 2125 693 2211 coepit
706 2149 749 2188 ex
763 2126 835 2210 ipso
850 2125 988 2211 amplius
1002 2125 1128 2202 timere,
1145 2147 1242 2209 quam
1257 2125 1297 2187 de
1311 2123 1412 2208 priori

352 2226 490 2290 sollicita
501 2233 594 2292 esse.¹
638 2227 831 2290 Monasterii
845 2249 985 2311 namque
1000 2227 1052 2290 sui
1066 2226 1278 2310 dignitatibus
1293 2225 1413 2288 multos

352 2326 497 2390 invidere
521 2339 645 2392 certum
665 2328 831 2406 habentes,
847 2329 1024 2413 plurimum
1039 2328 1245 2405 verebantur,
1268 2350 1310 2391 ne
1325 2328 1410 2391 forte

351 2450 422 2506 rex,
435 2429 611 2514 cujuslibet
624 2430 765 2514 maligna
779 2431 984 2514 suggestione
1000 2440 1102 2494 cartas
1113 2432 1182 2516 jam
1197 2430 1297 2493 dictas
1311 2429 1410 2493 vellet

351 2531 523 2615 surripere,
553 2554 595 2595 ne
619 2533 718 2596 abbas
745 2532 872 2597 noviter
894 2533 1088 2596 monasterio
1108 2532 1344 2618 praeficiendus,
1368 2533 1410 2594 ad

350 2633 537 2698 monasterii
560 2635 662 2720 ipsius
687 2634 921 2720 protectionem
936 2657 1046 2698 earum
1060 2634 1126 2698 frui
1148 2644 1258 2719 posset
1268 2634 1408 2697 auctori-

350 2745 428 2799 tate.
474 2735 551 2799 Non
575 2737 662 2800 enim
682 2760 701 2800 a
720 2736 875 2800 memoria
894 2735 1069 2814 exciderat,
1086 2736 1235 2820 qualiter,
1261 2746 1300 2799 ut
1314 2759 1409 2821 supe·

349 2836 416 2901 rior
435 2837 538 2900 edidit
557 2839 709 2916 narratio,
733 2839 884 2902 adversus
909 2839 1038 2901 easdem
1052 2839 1220 2902 libertates
1234 2838 1336 2902 fuerit
1349 2838 1408 2902 ali-

350 2939 479 3022 quando
502 2962 522 3002 a
535 2940 685 3024 pluribus
700 2939 946 3018 conclamatum,
971 2940 1057 3025 ipsas
1080 2939 1188 3004 minus
1202 2940 1408 3004 rationabiles
1445 2933 1453 2942 ’

349 3063 430 3118 esse,
453 3063 512 3104 nec
538 3041 601 3104 nisi
621 3043 712 3126 prius
732 3052 873 3106 mutatas
888 3053 987 3128 atque
1003 3053 1160 3107 correctas
1176 3043 1337 3107 observari
1353 3044 1409 3106 de-

348 3145 435 3208 bere.

210 3293 306 3340 omma,
394 3247 473 3311 Plus
496 3248 608 3332 itaque
634 3269 678 3311 ex
702 3247 763 3311 hoc
790 3249 940 3312 mandato
964 3247 1130 3312 sinistrum
1154 3271 1252 3334 quam
1277 3271 1410 3334 prospe-

187 3346 249 3424 ,XSJ
259 3341 319 3443 ,ἐξ
349 3371 421 3412 rum
448 3351 659 3435 suspicantes,
688 3351 853 3415 mentibus
877 3373 935 3436 per
956 3351 1081 3414 diversa
1104 3361 1138 3414 et
1158 3352 1282 3416 ineerta
1305 3352 1409 3436 rapie-

187 3447 223 3524 ωε
237 3445 337 3524 εῗξὴξ
352 3451 481 3529 bantur,
511 3453 668 3515 attentius
698 3461 806 3516 tamen
839 3463 966 3516 orantes
997 3452 1125 3516 evenire
1154 3455 1216 3517 sibi
1246 3476 1408 3539 prospera.

245 3547 256 3574 ⁰
276 3547 288 3574 ⁰
312 3547 324 3575 ²
354 3551 460 3636 Igitur
474 3554 709 3618 communicato
725 3555 859 3618 consilio
875 3555 1056 3618 tractabant
1071 3556 1111 3618 de
1125 3556 1324 3642 praeliciendi
1347 3556 1410 3618 sibi

352 3655 490 3738 pastoris
513 3655 683 3733 electione,
710 3657 877 3742 cupientes
903 3679 978 3720 eum
999 3658 1191 3722 omnimodis
1212 3658 1273 3721 sibi
1296 3677 1410 3721 secun-

353 3757 431 3819 dum
446 3767 605 3821 eartanun
627 3779 758 3822 suarum
773 3769 917 3824 tenorem
940 3760 1062 3844 praefici
1078 3761 1117 3824 de
1133 3760 1264 3846 propria
1278 3782 1409 3843 congre-

351 3859 492 3944 gatione.
539 3859 780 3926 Consenserunt
804 3861 916 3946 itaque
942 3863 977 3925 in
1005 3863 1084 3926 duas
1111 3862 1245 3948 capituli
1269 3862 1320 3924 sui
1336 3883 1409 3946 per-

351 3985 455 4042 sonas,
477 3974 516 4028 ut
539 3964 565 4027 si
589 3963 674 4028 forte
698 3986 764 4027 una
788 3986 854 4027 non
880 3964 1115 4045 admitteretur,
1135 3966 1237 4028 altera
1249 3963 1408 4048 recipere-

352 4078 414 4130 tur.
461 4064 655 4130 Imminente
670 4067 737 4151 jam
753 4066 805 4132 die
823 4088 888 4150 qua
908 4055 1014 4129 coram
1029 4089 1104 4152 rege
1120 4077 1153 4130 et
1168 4067 1408 4150 archiepiscopo

352 4179 421 4232 erat
435 4168 700 4246 conveniendum,
716 4169 804 4254 prior
816 4168 945 4241 sociatis
960 4169 1022 4232 sibi
1034 4169 1107 4232 iiii⁰r
1119 4169 1275 4233 fratribus
1290 4169 1354 4232 iter
1369 4191 1408 4230 eo

387 4307 478 4360 ¹This
487 4326 570 4362 seem
583 4318 611 4362 to
619 4309 652 4363 be
663 4309 690 4363 in
700 4310 855 4380 conformity
906 4326 966 4364 man
987 4311 1079 4380 Kings.
1118 4311 1174 4364 The
1192 4330 1281 4365 reason
1300 4311 1339 4364 for
1358 4310 1411 4362 this

350 4378 413 4430 with
422 4377 466 4430 tbe
473 4379 559 4449 policy
567 4379 679 4450 pursued
687 4380 722 4449 by
731 4379 774 4433 the
784 4379 811 4432 N
814 4399 854 4432 or·
907 4381 1018 4436 demand
1030 4383 1052 4435 is
1062 4381 1145 4435 stated
1155 4393 1179 4434 at
1189 4400 1232 4453 pp.
1248 4385 1308 4449 148,
1319 4384 1378 4434 156.
