3260 5172
351 567 370 631 6
656 579 826 631 nlsroma
847 577 1095 630 nnnnnnours

348 733 547 798 federatione
571 733 694 796 civibus
717 731 835 809 oblata,
859 752 896 793 aa
919 729 1049 793 demum
1079 730 1120 792 ab
1148 728 1199 791 his
1228 727 1290 790 etsi
1320 747 1406 808 aegre

349 845 507 920 suscepta,
516 836 694 920 gaudenter
708 845 747 898 ut
760 834 853 897 heres
864 844 898 896 et
909 832 1058 896 dominus
1069 830 1255 916 excipitur.¹
1287 828 1406 892 Denuo

349 947 459 1003 autem
479 949 512 1002 et
535 938 626 1023 regni
651 949 743 1022 parte
766 934 923 1000 nonnulla
950 933 1105 1018 sagaciter
1126 932 1303 1018 pacificata,
1331 952 1406 994 eum

350 1041 459 1106 favore
487 1062 656 1125 procerum
681 1061 717 1102 ae
747 1037 907 1103 nobilium
936 1036 1039 1120 regni,
1069 1036 1110 1099 ad
1135 1034 1240 1098 natale
1270 1029 1406 1096 Domini

349 1144 491 1208 intrante
513 1165 598 1207 anno
620 1141 849 1206 incarnationis
874 1139 977 1224 ipsius
1001 1139 1051 1203 M.
1072 1137 1165 1223 lxvij
1192 1136 1283 1221 regni
1307 1133 1406 1216 insig-

349 1247 438 1311 nitus
452 1247 544 1326 solio,
561 1245 709 1330 Anglicae
732 1242 926 1308 monarchiae
951 1241 1101 1306 obtinens
1124 1262 1284 1316 eoronam,
1308 1237 1406 1319 digno

349 1347 528 1412 diademate
541 1346 721 1412 redimitur.

187 1457 337 1561 ffiffiffl
395 1449 472 1518 Quo
497 1450 594 1527 facto,
632 1449 709 1534 quia
740 1447 853 1512 multis
882 1456 916 1510 et
943 1444 1121 1510 innumeris
1160 1450 1406 1528 praeoccupatus

185 1558 264 1610 Abba·
348 1551 498 1635 negotiis,
527 1574 663 1635 regnum
703 1550 738 1612 in
777 1549 867 1613 brevi
901 1547 994 1612 unire
1029 1571 1066 1612 ac
1098 1545 1264 1632 pacificare
1301 1543 1406 1607 nulla·

348 1663 443 1717 tenus
480 1655 637 1739 quiverat,
672 1653 767 1737 plura
803 1651 927 1715 diutius
964 1649 1142 1713 necessario
1179 1647 1298 1724 omisit,
1331 1665 1405 1730 quae

347 1755 505 1819 maturius
530 1756 722 1840 exequenda
752 1762 975 1839 proposuerat.
1021 1751 1084 1816 Per
1112 1749 1289 1835 plurimum
1319 1749 1406 1812 enim

347 1857 502 1941 temporis
539 1858 579 1920 ad
616 1855 867 1939 municipiorum
906 1854 1192 1938 expugnationem,
1228 1861 1327 1935 atque
1365 1850 1407 1914 ad

347 1958 518 2022 rebellium
541 1958 774 2044 subjugandam
798 1955 1050 2020 cervicositatem
1071 1953 1241 2018 sollicitius
1262 1953 1406 2016 animum

348 2061 518 2145 occupavit
548 2070 583 2124 et
609 2060 718 2124 vires.2
767 2058 862 2122 Unde
891 2059 1013 2121 factum
1042 2067 1102 2135 est,
1132 2067 1171 2120 ut
1199 2055 1406 2140 quemadmo-

348 2163 426 2226 dum
457 2184 476 2225 a
506 2161 579 2224 Deo
617 2161 719 2224 electo
755 2169 790 2223 et
821 2169 970 2244 promoto
1009 2158 1079 2243 regi
1119 2158 1307 2222 cedentibus
1346 2179 1406 2241 pro

348 2274 424 2328 voto
446 2263 617 2348 prosperis,
643 2284 703 2325 nee
727 2261 1011 2345 compatriotarum
1036 2260 1163 2325 hostilis
1193 2260 1322 2338 astutia,
1347 2281 1406 2323 nec

348 2364 562 2448 malignorum
590 2372 719 2426 versuta
757 2362 1023 2440 machinamenta,
1058 2381 1124 2426 nec¹
1153 2361 1406 2446 alienigenarum

349 2467 496 2529 incursus
517 2465 685 2528 minaciter
699 2465 883 2549 propositus
903 2465 1063 2541 obessent,
1079 2465 1135 2528 sed
1149 2464 1219 2549 ipso
1233 2463 1357 2547 ubique
1371 2463 1407 2526 in

349 2566 474 2630 auxilio
497 2565 619 2630 caelesti
642 2565 774 2642 confise,
800 2565 876 2630 hinc
900 2566 991 2650 regni
1010 2566 1113 2652 gloria
1127 2566 1297 2651 magnifice
1311 2567 1407 2629 robo-

347 2679 482 2733 raretur.
533 2669 580 2733 Et
607 2668 742 2747 merit03
775 2678 844 2731 erat
882 2669 968 2732 enim
1000 2668 1181 2732 moralitate
1210 2652 1406 2753 praecipuus,

348 2770 542 2835 liberalitate
567 2769 750 2846 munificus,
774 2770 1021 2834 mansuetudine
1051 2770 1245 2854 spectabilis,
1275 2770 1407 2853 ingenio

348 2873 553 2959 praepollens,
569 2871 678 2936 animo
693 2883 852 2951 constans,
869 2873 965 2936 armis
986 2882 1147 2950 strenuus,
1170 2871 1205 2935 in
1220 2871 1407 2935 inchoandis

348 2975 581 3060 magnanimus
614 2973 649 3036 in
681 2974 887 3058 adquirendis
916 2973 1165 3051 efficacissimus,
1195 2973 1230 3036 in
1259 2975 1408 3056 regendis

349 3077 512 3163 pacificus,
536 3075 571 3138 in
589 3074 699 3158 legum
718 3076 849 3140 statutis
867 3076 1078 3140 reformandis
1101 3098 1138 3139 ac
1158 3076 1319 3140 servandis
1339 3087 1407 3140 stu-

350 3177 470 3254 diosus,
495 3176 673 3241 divinitatis
688 3177 794 3242 cultor
807 3177 966 3256 assiduus,
992 3187 1080 3241 totus
1095 3177 1303 3242 ecelesiarum
1317 3177 1409 3240 utili-

351 3279 411 3342 tati
437 3279 576 3356 deditus,
603 3279 749 3363 etquod
771 3279 873 3363 magis
896 3279 1007 3344 mirari
1031 3301 1160 3343 necesse
1184 3289 1244 3357 est,
1269 3301 1343 3343 cnm
1358 3288 1409 3342 tot

350 3381 502 3464 gentibus
516 3380 699 3465 imperaret,
716 3381 796 3444 adeo
811 3381 841 3443 ei
852 3380 955 3444 fomes
965 3381 1124 3445 virtutum
1139 3381 1290 3445 discretio
1305 3380 1408 3444 domi·

350 3483 498 3560 nabatur,
522 3491 561 3544 ut
584 3481 661 3544 alias
683 3481 832 3558 invictus,
848 3481 981 3546 rationis
995 3481 1083 3546 facili
1098 3483 1265 3547 ultroneus
1277 3505 1408 3567 sugges-

351 3583 439 3646 tione
455 3591 635 3667 opportune
650 3582 841 3654 vinceretur.
880 3582 1051 3662 Quocirca,
1067 3595 1102 3648 et
1116 3595 1265 3670 potenter
1279 3585 1408 3670 imperii

342 3683 403 3746 ¹sui
426 3683 506 3747 fines
531 3683 677 3762 adauxit,
705 3694 738 3748 et
761 3693 873 3749 contra
896 3708 986 3770 spem
1012 3687 1157 3750 omnium
1180 3709 1239 3750 suo
1263 3697 1407 3773 tempore

351 3794 481 3848 strenue
492 3784 696 3869 pacificatum
710 3786 913 3870 gubernavit,
928 3787 1168 3872 heredibusque
1188 3789 1255 3853 suis
1269 3788 1409 3852 feliciter

350 3885 579 3970 possidendum
593 3886 738 3971 reliquit.
785 3887 851 3951 Sed
864 3889 934 3953 haec
949 3889 1114 3953 hactenus.

394 3987 492 4052 Nunc
506 4011 583 4052 vero
598 3989 675 4073 quia
689 3989 796 4054 minus
815 3991 992 4055 necessarie
1012 3991 1170 4076 propositi
1185 4003 1298 4056 textus
1313 4015 1409 4056 exor-

350 4089 440 4153 dium
454 4091 653 4175 protendisse
668 4114 711 4156 ex
726 4091 883 4157 accidenti
894 4092 1050 4170 videmur,
1059 4095 1126 4179 jam
1137 4094 1256 4158 arctius
1269 4095 1344 4158 stilo
1359 4094 1409 4158 in-

383 4281 396 4362 2'
413 4281 462 4334 See
483 4280 527 4333 the
546 4280 657 4334 Carmen
677 4281 846 4362 Wld⁰¹¹i⁸.l.¹¹
938 4283 1024 4337 ’The
1049 4283 1220 4365 conqueror's
1239 4301 1285 4354 pro
1315 4299 1356 4336 ess
1381 4285 1408 4335 in

350 4349 843 4419 Mrchel’sChrou.Angl.Normanm.
903 4352 1021 4406 Enoland
1039 4354 1061 4407 is
1080 4353 1172 4424 bnefly
1184 4371 1285 4408 summe
1319 4371 1355 4423 up
1373 4352 1409 4422 by

352 4423 395 4473 28.
902 4395 1020 4476 William
1033 4424 1062 4476 of
1071 4423 1259 4494 Malmesbury,
1271 4442 1297 4494 p.
1308 4426 1370 4476 421.
