3240 5154
234 543 240 554 '
353 531 415 593 152
646 545 816 595 HISTORIA
842 544 1091 596 FUNDA'HONIS

188 719 295 780 remum
324 751 331 756 .
395 694 477 760 Haec
503 719 542 759 eo
568 696 707 772 dicente,
734 696 936 759 mirabantur
964 718 1075 759 omnes
1104 717 1179 758 eum
1210 716 1285 758 cum
1317 703 1408 757 tanta

187 771 324 880 33:1⁸3.
350 799 530 862 constantia
555 822 719 884 respuere,
752 799 841 882 quod
871 798 977 862 solent
1007 797 1142 884 plurimi
1171 797 1270 860 etiam
1298 796 1407 880 religi-

186 870 480 1011 dss⁸owm
506 924 632 965 summo
658 901 819 964 desiderio
852 901 1013 966 affectare.
1066 899 1138 964 Nec
1164 899 1234 962 sine
1252 923 1347 962 causa
1371 921 1406 960 se

186 983 264 1062 iiiii·-
351 1014 466 1088 sponte
504 1004 663 1089 prioratui
692 1027 751 1067 suo
779 1002 863 1066 velle
891 1003 1090 1080 renuntiare,
1121 1001 1243 1066 dixisse
1270 1002 1407 1086 putaba-

351 1117 416 1185 tur,
441 1106 624 1170 dicentibus
645 1106 811 1191 aliquibus
836 1105 1111 1190 archiepiscopum
1134 1104 1238 1190 ipsius
1257 1113 1405 1170 constan-

350 1208 428 1272 tiam
443 1219 478 1272 et
491 1231 617 1272 morum
632 1208 864 1294 perfectionem
887 1207 1025 1272 nimium
1038 1207 1223 1285 formidare,
1249 1217 1406 1290 tanquam

324 1319 415 1375 *non
438 1311 532 1375 facile
552 1301 616 1374 nisi
640 1310 831 1374 erratione
854 1321 965 1410 posset
990 1312 1031 1376 ad
1055 1311 1259 1374 voluntatum
1273 1331 1403 1372 suarum

350 1435 539 1477 consensum
563 1412 720 1491 inclinari,
741 1412 881 1497 ideoque
903 1413 1012 1499 ipsum
1034 1412 1310 1498 archiepiscopum
1322 1411 1405 1475 velle

349 1515 443 1578 illum
472 1533 546 1578 cum
575 1517 712 1600 quadam
740 1515 860 1579 astutia
887 1537 907 1579 a
934 1515 1096 1600 prioratus
1121 1515 1227 1578 officio
1246 1537 1404 1591 amovere,

350 1633 384 1682 et
415 1619 476 1683 sub
508 1619 646 1704 quadam
676 1619 782 1702 specie
803 1617 933 1704 majoris
953 1617 1084 1682 honoris
1106 1617 1303 1695 conferendi,
1326 1616 1404 1680 alias

349 1721 545 1786 transferre.¹
591 1720 666 1784 Hoc
688 1729 797 1783 autem
819 1730 974 1806 tanquam
1007 1720 1182 1785 cavendum
1210 1719 1288 1782 licet
1316 1719 1405 1804 prior

348 1823 417 1906 ipse
454 1822 646 1886 venerabilis
682 1822 871 1907 frequenter
907 1822 1058 1900 audierit,
1087 1821 1274 1906 persuaderi
1295 1827 1420 1884 tamen

348 1924 410 1988 sibi
428 1934 467 1988 ut
487 1925 631 1987 crederet
654 1946 720 1987 non
741 1923 862 2009 potuit,
878 1946 1049 2008 quousque
1072 1923 1120 1986 rei
1139 1933 1275 1986 eventus
1301 1946 1403 2008 expe-

346 2027 521 2090 rimentum
536 2025 636 2091 dedit.
682 2024 851 2090 Instabant
873 2025 985 2109 itaque
1008 2047 1068 2089 rex
1087 2035 1121 2088 et
1143 2024 1403 2109 archiepiscopus

348 2151 422 2192 cum
451 2129 522 2192 aliis
552 2128 609 2212 qui
638 2128 771 2192 aderant
795 2128 1027 2218 persuadentes
1056 2128 1097 2192 ad
1124 2127 1402 2206 consentiendum,

202 2281 241 2307 m,
348 2231 404 2295 sed
418 2231 474 2294 ille
488 2229 679 2293 inflexibilis
693 2253 884 2314 permanens
898 2253 964 2294 non
978 2229 1218 2314 adquiescebat.
1264 2228 1405 2292 Petebat

261 2346 266 2358 '
336 2307 491 2396 *inducias
506 2332 757 2409 deliberationis,
773 2343 812 2394 ut
822 2332 1028 2396 Cantuariam
1043 2333 1171 2395 rediens
1184 2331 1251 2395 illic
1264 2331 1402 2394 fratrum

345 2455 478 2496 suorum
493 2433 655 2517 colloquio
669 2433 833 2497 frueretur
842 2444 876 2497 et
890 2434 1035 2511 consilio,
1049 2434 1106 2497 sed
1120 2456 1185 2497 non
1196 2435 1402 2518 impetrabat,
1414 2475 1416 2478 -

346 2535 522 2600 scientibus
546 2535 696 2600 omnibus
722 2557 796 2599 eum
819 2536 1004 2601 nullatenus
1028 2537 1135 2600 denuo
1154 2536 1349 2615 rediturum,
1374 2538 1402 2600 si

346 2639 446 2702 semel
468 2639 607 2703 liberum
628 2649 738 2725 posset
755 2637 873 2702 habere
894 2661 1065 2703 recessum.
1111 2639 1329 2724 Praecipiebat
1342 2662 1405 2702 rex

347 2742 501 2825 quatinus
524 2741 613 2826 prior
627 2752 661 2804 et
680 2741 795 2805 fratres
818 2741 921 2805 sancti
936 2741 1074 2805 Martini
1092 2742 1132 2804 de
1148 2741 1243 2805 Bello
1263 2741 1402 2806 electum

347 2863 442 2904 suum
457 2841 649 2926 acciperent,
670 2842 727 2904 sed
744 2841 1080 2925 appropinquantibus
1101 2841 1167 2906 illis
1187 2842 1310 2906 electus
1332 2844 1403 2927 ipse

346 2966 401 3005 eos
429 2943 620 3027 repellebat,
650 2951 685 3004 et
706 2965 748 3005 ne
775 2965 808 3005 se
832 2943 1057 3027 contingerent
1078 2944 1270 3030 interposita
1293 2946 1404 3030 appel-

345 3045 465 3107 latione
480 3044 662 3108 inhibebat.
707 3043 846 3129 Repulsi
859 3041 995 3109 abibant
1008 3057 1195 3123 retrorsum,
1205 3070 1280 3111 eum
1295 3059 1403 3111 tamen

347 3169 386 3209 eo
401 3147 501 3231 magis
527 3145 590 3210 sibi
610 3145 757 3231 praeferri
780 3147 958 3231 cupientes,
975 3170 1041 3230 quo
1063 3147 1201 3232 amplius
1223 3150 1404 3212 recusabat.

349 3248 456 3333 Igitur
478 3272 552 3314 cum
566 3250 608 3313 ad
622 3237 889 3314 consentiendum
909 3249 1094 3312 nullatenus
1119 3250 1316 3328 flecteretur,
1332 3252 1406 3335 qui·

347 3352 420 3415 dam
435 3351 659 3437 episcoporum
682 3351 739 3436 qui
762 3352 895 3415 aderant
920 3351 1197 3437 archiepiscopum
1211 3354 1349 3432 monuit,
1368 3364 1405 3417 ut

346 3455 381 3516 in
396 3455 502 3538 ipsum
518 3452 860 3517 excommunicationis
875 3453 1068 3516 sententiam
1081 3455 1313 3539 promulgaret.
1337 3455 1404 3519 Sed

345 3557 395 3619 vir
420 3556 475 3620 ille
499 3553 691 3618 venerabilis
711 3555 821 3618 oculos
840 3555 876 3617 in
898 3577 973 3618 eum
992 3555 1190 3640 indignantis
1214 3580 1304 3620 more
1327 3557 1404 3620 diri·

345 3680 435 3742 gens,
448 3663 467 3692 “
477 3657 554 3720 Non
570 3656 691 3734 tuam,''
702 3656 822 3741 inquit,
839 3661 933 3720 “non
948 3657 1036 3721 illius
1046 3659 1184 3722 formido
1199 3660 1403 3738 sententiam,

346 3782 421 3824 cum
436 3758 568 3844 quidem
582 3781 633 3821 me
649 3758 766 3820 summi
780 3757 943 3842 pontificis
957 3760 1153 3844 protectioni
1168 3763 1402 3848 supposuerim,

383 3911 391 3943 ¹
411 3909 495 3963 There
507 3926 592 3962 seems
608 3925 679 3961 some
696 3906 852 3979 probability
898 3909 957 3964 Odc
968 3910 1020 3964 had
1037 3911 1104 3964 been
1121 3919 1169 3982 put
1189 3911 1297 3965 forward
1313 3911 1349 3982 by
1360 3912 1405 3964 the

346 3982 372 4033 in
389 3980 431 4033 his
450 3981 597 4047 conjecture
609 3979 636 4031 in
649 3996 675 4030 re
708 3987 748 4030 ect
764 3987 791 4031 to
807 3978 852 4032 the
897 3980 1166 4034 monksofCanterbu
1197 3982 1331 4052 ,together
1342 3983 1405 4034 with

346 4051 454 4121 Kingas
464 4049 562 4102 wellas
575 4048 619 4101 the
632 4050 684 4101 Arc
703 4048 804 4119 bisbop,
813 4049 852 4101 for
898 4049 1019 4118 Richard,
1038 4069 1096 4104 now
1112 4051 1182 4105 Arch
1201 4052 1284 4123 ishop,
1300 4053 1340 4104 for
1360 4052 1406 4104 the

346 4121 405 4174 Odo
418 4138 470 4173 was
489 4138 507 4172 a
529 4128 601 4190 great
622 4119 728 4172 stickler
748 4119 788 4171 for
808 4118 852 4171 the
898 4120 947 4172 See
959 4121 988 4173 of
995 4121 1164 4192 Canterbury.
1199 4122 1242 4175 He
1254 4122 1338 4174 would
1348 4141 1405 4193 pro-

345 4191 425 4260 rights
445 4191 475 4244 of
492 4191 533 4244 his
552 4197 707 4260 monastery.
753 4188 815 4258 (See
837 4206 853 4241 a
897 4189 976 4262 bably
987 4190 1053 4244 have
1068 4191 1134 4244 been
1146 4193 1292 4262 appointed,
1305 4193 1406 4245 instead

344 4261 504 4314 remarkable
533 4262 649 4314 instance
674 4259 700 4311 in
730 4260 852 4326 Gervase,
899 4259 928 4312 ol
942 4259 1064 4328 Richard,
1083 4270 1110 4314 to
1140 4262 1193 4314 this
1213 4263 1276 4331 high
1296 4263 1404 4330 honour,

345 4332 436 4402 1422.)
475 4331 499 4384 It
511 4329 604 4384 should
619 4330 673 4383 also
691 4330 723 4384 be
742 4346 852 4384 remem·
898 4329 949 4382 had
968 4332 988 4383 it
1006 4341 1052 4383 not
1063 4332 1128 4384 been
1145 4332 1184 4383 for
1200 4332 1244 4384 the
1257 4333 1406 4402 tergiversa-

343 4401 421 4455 bered
434 4399 489 4454 that
506 4400 567 4471 only
589 4409 640 4454 two
660 4417 733 4469 years
755 4399 851 4468 before,
898 4400 953 4453 tion
961 4401 990 4454 of
997 4401 1098 4454 Gilbert
1109 4401 1203 4456 Foliot.
1231 4401 1330 4468 Diceto,
1344 4406 1405 4456 568.
1605 4481 1607 4518 Ι
