3278 5162
525 585 746 637 uonnsrrunr
773 581 820 635 nn
847 579 970 643 nunno,
1080 591 1083 596 ·
1232 558 1336 629 4¹9,

222 731 371 818 Cumque
386 735 447 798 viri
471 735 706 799 animositatem
730 735 895 818 regiaeque
919 731 1128 802 districtionis
1150 730 1273 813 recogi-

221 844 341 898 tassent
364 837 564 922 aequitatem,
590 837 720 900 tandem
742 835 849 919 pavidi
875 853 995 898 cessere
1024 833 1152 909 tiranni,
1181 843 1214 896 et
1239 855 1272 894 se

218 933 285 998 illic
314 937 543 1000 rectitudinem
571 938 676 1001 facere
711 949 745 1000 et
778 936 921 1022 recipere
956 937 1038 1000 velle
1067 935 1269 1018 profitentur.

218 1033 311 1100 Tunc
340 1037 469 1102 domino
490 1039 678 1104 Gausfrido¹
705 1037 839 1102 manerii
863 1039 902 1102 de
923 1037 981 1101 Wi
1004 1037 1268 1112 annullationem,

216 1139 492 1225 praepositumque
512 1142 723 1228 impotentem
738 1139 944 1224 villicationis
959 1139 1092 1204 reddere
1113 1137 1270 1201 rationem

218 1252 413 1324 exponente,
445 1245 575 1307 tandem
600 1253 675 1329 post
698 1243 840 1328 plurium
865 1243 1036 1306 verborum
1063 1241 1266 1316 rotationem,

217 1363 290 1404 reus
319 1365 424 1407 coram
452 1346 614 1410 communi
640 1345 766 1431 judicio
794 1344 919 1407 sistitur
948 1342 1139 1406 Rotbertus
1201 1340 1269 1406 Qui

216 1452 340 1506 reatum
366 1447 520 1510 confitens
550 1470 624 1511 cum
650 1447 776 1509 veniam
804 1445 974 1526 flagitaret,
1003 1445 1115 1506 decem
1143 1443 1269 1524 argenti

216 1542 305 1608 libris
329 1547 504 1630 decemque
519 1547 675 1609 frumenti
700 1545 902 1630 adjudicatus
927 1543 1053 1619 modiiS,
1078 1534 1269 1624 cumgratia

215 1645 462 1712 misericorditer
483 1648 669 1711 absolvitur.
716 1646 790 1709 Hoc
804 1656 945 1731 peracto,
968 1654 1001 1706 et
1015 1643 1146 1706 domino
1162 1641 1269 1706 Gaus-

215 1745 299 1810 frido
323 1749 350 1810 si
375 1749 455 1833 quid
480 1771 555 1831 erga
575 1748 680 1833 ipsum
697 1747 908 1832 querimoniae
922 1755 1097 1831 praesentes
1111 1745 1267 1808 haberent

214 1848 406 1925 sciscitante,
434 1872 508 1912 curn
533 1849 728 1932 calumpniae
763 1847 810 1911 nil
841 1871 861 1912 a
889 1869 1053 1932 quoquam
1081 1846 1265 1922 referretur,

215 1947 305 2010 curia
327 1949 432 2011 soluta
458 1960 515 2010 est.
561 1949 746 2011 Manerium
775 1959 883 2011 autem
910 1948 993 2011 illud
1017 1958 1197 2030 caeteraque
1226 1949 1267 2010 ad

215 2047 379 2111 ecclesiam
419 2049 615 2132 pertinentia
663 2049 804 2113 studiose
844 2049 1051 2111 restauranda
1091 2049 1266 2112 commissae

215 2149 359 2214 ecclesiae
380 2150 508 2234 sibique
524 2149 682 2214 commisit
706 2149 868 2228 fidelibus,
893 2150 1028 2234 ipseque
1043 2147 1179 2211 utilitati
1202 2172 1266 2212 ser-

214 2271 325 2314 vorum
340 2250 404 2315 Dei
419 2251 543 2315 curiose
558 2251 702 2336 undique
717 2251 994 2335 superintendens,
1007 2250 1120 2313 domus
1134 2249 1266 2314 fabricae

214 2361 247 2414 et
276 2353 460 2431 munitioni,
500 2375 734 2438 murorumque
775 2353 859 2416 circa
895 2352 1052 2416 ambitum
1083 2351 1266 2416 fundationi

215 2453 358 2518 animum
373 2456 521 2520 contulit.

258 2555 327 2619 Sub
350 2557 452 2621 isdem
476 2557 590 2622 diebus
604 2581 705 2622 werec
721 2559 857 2642 contigit
871 2558 905 2621 in
921 2557 1151 2642 Dengemareis
1165 2581 1266 2621 mem-

215 2657 275 2719 bro
290 2657 329 2720 de
344 2655 413 2734 Wi,
435 2680 548 2721 navem
562 2658 714 2722 videlicet
735 2659 832 2742 regiis
848 2645 1043 2722 ornamentis
1066 2669 1099 2722 et
1114 2659 1265 2743 operibus

215 2766 361 2822 onustam
384 2759 536 2824 fluctibus
547 2761 700 2846 jactatam
715 2748 789 2824 cum
810 2760 876 2824 illic
890 2759 1068 2846 appulisset
1082 2761 1267 2846 confringis

216 2859 323 2927 Quam
346 2883 418 2924 cum
440 2861 526 2926 infra
550 2871 709 2926 statutum
732 2861 906 2926 terminum
930 2884 990 2946 pro
1016 2883 1104 2924 more
1118 2885 1265 2947 reparare

213 2961 411 3045 nequissent,
421 2963 503 3046 regii
517 2985 674 3026 accessere
690 2972 865 3040 exactores,
881 2985 994 3026 navem
1008 2985 1082 3026 cum
1096 2963 1212 3048 opibus
1228 2974 1265 3025 ut

213 3063 333 3146 regiam
360 3065 531 3148 pecuniam
558 3065 590 3127 vi
620 3064 766 3149 optinere
795 3075 955 3128 conantes.
1015 3063 1156 3128 Domino
1190 3088 1265 3128 vero

214 3163 391 3227 Gausfrido
407 3164 572 3228 obnitente
587 3186 661 3229 curn
675 3164 752 3240 suis,
768 3165 897 3227 tandem
908 3187 1014 3228 coram
1022 3165 1119 3248 regiis
1133 3165 1265 3229 auribus

214 3265 273 3328 hac
297 3265 450 3328 ventilata
479 3265 690 3349 querimonia,
729 3287 789 3328 rex
825 3279 947 3326 morem
979 3265 1096 3327 servari
1124 3265 1269 3349 patrium*

215 3365 336 3443 volens,
361 3365 593 3449 ecclesiamque
619 3386 709 3427 suam
735 3364 897 3428 offendere
920 3385 1044 3443 cavens,
1064 3365 1164 3450 jussit
1187 3387 1266 3449 qua·⁴

214 3467 302 3530 tinus
331 3489 390 3530 nec
420 3467 460 3530 de
488 3489 546 3530 sua
575 3466 707 3550 quidem
735 3465 873 3550 pecunia
901 3466 1042 3550 propria,
1073 3453 1266 3552 cujusquam

212 3561 344 3632 ecclesia
369 3577 538 3653 pateretur
567 3567 730 3654 injuriam,
761 3568 816 3631 sed
846 3569 933 3651 quod
958 3568 1130 3653 appulsum
1158 3557 1266 3633 fuerat

211 3680 318 3734 totum
333 3670 475 3734 ecclesiae
490 3681 643 3734 maneret.
670 3669 766 3733 Unde
782 3670 931 3734 dominus
947 3669 1142 3734 Gausfridus
1157 3673 1263 3736 omnia

211 3771 322 3857 (prout
349 3773 431 3838 utile
453 3775 605 3858 decrevit)
627 3773 809 3858 disponens
833 3773 954 3857 regales
984 3785 1089 3837 vestes
1118 3773 1261 3838 ecclesiae

210 3875 423 3938 servientibus
453 3875 628 3953 distribuit,
653 3885 687 3938 et
712 3886 829 3939 caetera
857 3877 897 3938 ad
926 3897 1002 3938 usus
1029 3867 1173 3938 ecclesie
1198 3876 1261 3938 dis-

209 3977 367 4060 pensavit.

255 4077 399 4141 Gloriosi
425 4075 525 4160 igitur
550 4079 632 4162 regis
657 4078 792 4141 Henrici
811 4077 940 4140 virtutis
964 4099 999 4140 ac
1014 4076 1261 4157 magnificentiae

245 4317 251 4345 ¹
272 4313 399 4367 Dominus
411 4313 573 4380 Geusfridus,
586 4313 643 4366 MS.
761 4311 876 4364 allocetae
900 4312 927 4364 in
952 4312 1043 4364 itinere
1065 4311 1191 4378 Cantiae,'’
1210 4313 1258 4371 dre.

243 4384 318 4436 ‘See
331 4383 375 4436 the
394 4387 411 4416 “
424 4385 567 4438 Libertates
580 4383 611 4436 de
625 4381 707 4448 Bello,
762 4381 875 4434 Monast.
889 4381 926 4436 iii.
944 4400 969 4453 p.
984 4385 1043 4435 249.
1071 4381 1119 4434 Ed.
1132 4385 1210 4436 1846,
1243 4427 1246 4432 .

1108 4491 1127 4534 E
