3278 5162
352 534 394 606 74
660 553 831 605 maroam
857 551 1105 604 runnumoms

349 715 472 770 trarum
497 704 704 768 ecclesiarum
727 713 831 768 cartas
854 701 984 786 quaerit,
1006 710 1046 765 ut
1068 723 1144 785 quae
1166 701 1322 768 hactenus
1332 705 1408 790 jure

347 807 501 871 canonico
526 807 678 870 videntur
701 805 904 891 possedisse,·
919 805 990 888 ejus
1015 803 1190 868 calliditate
1210 807 1406 890 praevalente

347 909 480 992 lugeant
494 931 528 972 se
543 908 697 972 amisisse.
730 906 908 970 Prohibeat
918 905 1030 989 itaque
1044 905 1134 988 regia
1147 905 1287 991 dignitas
1301 918 1408 972 vestra

347 1020 386 1074 ut
407 1010 469 1074 hoc
491 1010 676 1074 nullatenus
700 1009 810 1093 aliqua
835 1007 1043 1070 confirmetur
1066 1008 1269 1088 auctoritate,
1286 1032 1327 1073 ne
1348 1009 1405 1074 alii

346 1112 445 1196 hujus
460 1111 611 1196 exemplo
626 1120 738 1174 contra
751 1110 919 1194 episcopos
933 1131 1008 1172 suos
1022 1109 1189 1194 insurgere
1203 1111 1405 1174 videantur.”

347 1213 425 1277 Rex
443 1237 520 1277 vero
541 1212 699 1298 praecepit
713 1221 833 1274 cartam
847 1211 973 1274 abbatis
987 1210 1076 1295 regio
1091 1213 1271 1276 confirmari
1286 1213 1404 1297 sigillo,

345 1325 380 1378 et
403 1315 519 1378 deinde
543 1315 732 1400 episcopum
755 1323 790 1376 et
814 1313 964 1376 abbatem
990 1313 1153 1397 simulque
1179 1314 1403 1379 cancellarium

345 1439 452 1480 coram
466 1417 706 1501 archiepiscopo
721 1415 902 1493 convenire,
917 1415 1066 1499 lectaque
1077 1426 1165 1479 carta
1179 1415 1316 1494 abbatis,
1337 1417 1403 1480 illis

344 1518 564 1597 audientibus,
594 1518 622 1582 si
651 1539 716 1602 qua
744 1516 932 1600 corrigenda
966 1526 1085 1594 essent,
1127 1539 1240 1580 eorum
1268 1518 1403 1582 consilio

343 1621 590 1704 corrigerentur,
613 1619 724 1704 sicque
747 1619 783 1682 in
801 1641 879 1704 pace
894 1641 968 1682 cum
983 1629 1071 1681 carta
1084 1641 1143 1681 sua
1157 1619 1255 1682 abbas
1270 1620 1402 1684 domum

343 1724 473 1788 rediret.
520 1722 656 1790 Quodsi
676 1721 837 1785 sententia
852 1721 1052 1785 discordante
1068 1721 1297 1799 discessissent,
1314 1733 1402 1786 carta

342 1826 469 1889 abbatis
489 1825 525 1888 in
544 1825 667 1908 capella
691 1825 775 1908 regis
794 1847 813 1886 a
833 1823 1023 1887 cancellario
1049 1824 1276 1902 custodiretur,
1298 1825 1400 1890 donec

342 1927 502 1991 sententia
524 1926 608 2011 regis
639 1926 719 2012 quid
745 1926 821 1988 inde
841 1925 935 1988 fieret
956 1925 1161 1988 discerneret.
1207 1925 1399 1990 Percantato

340 2028 452 2112 itaque
466 2027 573 2092 missae
589 2049 709 2091 canone
731 2026 893 2110 usquead
915 2031 937 2062 “
954 2025 1026 2090 Pax
1041 2026 1207 2104 Domini,”
1228 2028 1399 2115 episcopus

339 2139 379 2192 ut
392 2129 490 2193 moris
505 2140 555 2194 est
568 2151 647 2213 pace
661 2151 681 2191 a
695 2129 859 2192 sacerdote
870 2138 1000 2213 accepta
1013 2128 1083 2212 regi
1098 2129 1226 2207 detulit,
1237 2140 1271 2193 et
1282 2131 1398 2194 deinde

338 2231 449 2294 abbati
473 2231 585 2294 multis
608 2230 785 2315 plurimum
807 2229 1001 2293 mirantibus
1024 2231 1182 2314 porrexit.
1233 2231 1397 2317 Episcopo

337 2331 439 2414 igitur
450 2341 484 2394 et
498 2330 614 2394 abbate
630 2331 791 2414 simulque
806 2331 995 2395 cancellario
1009 2331 1187 2415 multisque
1203 2332 1274 2396 aliis
1289 2355 1396 2397 coram

335 2427 575 2512 archiepiscopo
602 2428 689 2510 apud
721 2427 911 2491 Lametham
936 2429 1213 2508 convenientibus,
1245 2431 1395 2516 lectaque

335 2537 422 2592 carta
448 2529 557 2613 magni
580 2528 741 2592 Willelmi
764 2529 859 2614 regis,
887 2530 1039 2615 exemplo
1062 2532 1155 2616 cujus
1181 2553 1292 2595 omnes
1321 2533 1394 2596 aliae

335 2640 432 2694 cartae
446 2653 559 2715 regum
575 2631 781 2715 sequentium
795 2630 993 2695 confirmatae
1008 2642 1095 2710 sunt,
1122 2632 1181 2695 ubi
1195 2643 1330 2698 ventum
1345 2646 1395 2700 est

334 2732 376 2795 ad
391 2733 552 2817 quoddam
566 2732 702 2795 verbum
716 2733 804 2816 quod
817 2733 853 2795 in
868 2733 979 2796 eadem
996 2733 1181 2797 continetur
1195 2745 1292 2813 carta,
1304 2738 1393 2820 quod

334 2833 468 2897 ecelesia
482 2833 605 2897 scilicet
618 2835 658 2899 de
676 2834 770 2898 Bello
785 2834 889 2897 libera
903 2834 946 2897 sit
960 2835 1092 2898 omnino
1106 2835 1147 2898 ab
1162 2836 1250 2898 omni
1265 2839 1392 2923 subjec-

333 2935 422 2998 tione
436 2935 671 3020 episcoporum,
683 2936 768 2999 sicut
782 2935 918 2999 ecclesia
930 2935 1051 3000 Christi
1062 2936 1258 3016 Cantuariae,
1272 2939 1392 3003 clamor

332 3036 478 3120 undique
514 3037 687 3114 attollitur,
719 3036 913 3122 quibusdam
938 3038 1154 3102 asserentibus
1182 3040 1244 3103 hoc
1279 3052 1391 3105 contra

332 3160 492 3202 canonum
514 3138 666 3202 instituta
691 3139 851 3216 extitisse,
878 3139 950 3202 aliis
976 3139 1159 3203 dicentibus
1187 3140 1249 3204 hoc
1279 3153 1391 3206 contra

331 3239 505 3324 dignitates
522 3239 763 3305 Cantuariensis
777 3241 922 3304 ecclesiae
937 3240 1049 3318 fuisse,
1065 3241 1230 3306 nonnullis
1251 3242 1389 3307 nimium

330 3342 542 3407 clamantibus
564 3343 626 3407 hoc
640 3344 775 3407 verbum
789 3343 1046 3428 peremptorium
1059 3366 1139 3422 esse,
1163 3343 1275 3407 multis
1290 3345 1388 3408 etiam

328 3442 390 3507 hoc
413 3445 508 3508 aliter
522 3445 723 3529 objurgando
736 3445 1037 3529 interpretantibus,
1063 3444 1140 3508 hinc
1163 3445 1239 3508 inde
1254 3447 1388 3510 confusa
1410 3511 1414 3518 ,

328 3547 550 3628 perstrepebat
577 3547 746 3610 sententia.
793 3545 891 3609 Carta
927 3545 1079 3630 perlecta,
1110 3569 1184 3610 cum
1221 3548 1386 3612 neminem

328 3646 599 3728 praedecessorum
622 3669 754 3710 suorum
778 3647 1003 3732 episcoporum
1034 3648 1190 3731 praefatus
1218 3648 1385 3713 Cieestriae

328 3745 498 3830 episcopus
514 3745 662 3811 Hilarius
685 3748 721 3812 in
745 3748 936 3833 subscriptis
951 3749 1097 3834 ejusdem
1112 3759 1209 3813 cartae
1225 3749 1386 3814 inveniret

327 3847 477 3926 testibus,
499 3849 827 3934 praecellentissimam
846 3850 945 3935 hujus
960 3851 1050 3915 verbi
1076 3851 1268 3935 dignitatem
1282 3874 1385 3917 sacro-

325 3973 399 4014 rum
427 3973 586 4014 canonum
614 3951 648 4014 in
663 3962 859 4036 perpetuum
887 3952 1079 4016 auctoritate
1108 3953 1329 4030 damnandam,
1352 3963 1386 4016 et

326 4053 536 4136 praesentium
548 4053 644 4117 simul
654 4053 804 4139 judicum
813 4054 1055 4118 confirmatione
1067 4054 1193 4118 censuit
1205 4054 1383 4118 delendam.

329 4151 440 4238 Hujus
464 4155 656 4219 sententiam
671 4177 802 4219 concors
817 4155 915 4218 etiam
929 4155 1160 4241 archiepiscopi
1175 4157 1385 4220 conclamatio

326 4264 498 4337 prosecuta
520 4267 579 4322 est.
625 4256 755 4321 Abbate
774 4279 850 4320 vero
874 4258 1018 4343 quamvis
1041 4259 1276 4322 rationabiliter
1290 4258 1384 4322 resis-

328 4365 427 4435 tente,
442 4379 508 4421 non
523 4367 629 4422 tamen
644 4359 775 4423 illorum
795 4360 920 4443 quievit
935 4360 1119 4426 commotio.
1166 4360 1384 4426 cancellarius
