<?xml version="1.0" encoding="UTF-8"?>
<!DOCTYPE html PUBLIC "-//W3C//DTD XHTML 1.0 Transitional//EN"
    "http://www.w3.org/TR/xhtml1/DTD/xhtml1-transitional.dtd">
<html xmlns="http://www.w3.org/1999/xhtml" xml:lang="en" lang="en">
 <head>
  <title>
</title>
<meta http-equiv="Content-Type" content="text/html;charset=utf-8" />
  <meta name='ocr-system' content='tesseract 3.04.00' />
  <meta name='ocr-capabilities' content='ocr_page ocr_carea ocr_par ocr_line ocrx_word'/>
</head>
<body>
  <div class='ocr_page' id='page_1' title='image "./chroniconmonast01abbegoog_0045.png"; bbox 0 0 3260 5172; ppageno 0'>
   <div class='ocr_carea' id='block_1_1' title="bbox 435 1093 1083 1179">
    <p class='ocr_par' dir='ltr' id='par_1_1' title="bbox 435 1093 1083 1179">
     <span class='ocr_line' id='line_1_1' title="bbox 435 1093 1083 1179; baseline 0.008 -17"><span class='ocrx_word' id='word_1_1' title='bbox 435 1093 680 1167; x_wconf 82' lang='lat' dir='ltr'><strong>HISTORIA</strong></span> <span class='ocrx_word' id='word_1_2' title='bbox 709 1093 1083 1179; x_wconf 83' lang='lat' dir='ltr'><strong>FUNDATIONIS‚</strong></span> 
     </span>
    </p>
   </div>
   <div class='ocr_carea' id='block_1_2' title="bbox 719 1373 795 1423">
    <p class='ocr_par' dir='ltr' id='par_1_2' title="bbox 719 1373 795 1423">
     <span class='ocr_line' id='line_1_2' title="bbox 719 1373 795 1423; baseline 0.026 -2"><span class='ocrx_word' id='word_1_3' title='bbox 719 1373 795 1423; x_wconf 80' lang='lat' dir='ltr'><strong>nTc.</strong></span> 
     </span>
    </p>
   </div>
   <div class='ocr_carea' id='block_1_3' title="bbox 389 1590 1138 1680">
    <p class='ocr_par' dir='ltr' id='par_1_3' title="bbox 389 1590 1138 1680">
     <span class='ocr_line' id='line_1_3' title="bbox 389 1590 1138 1680; baseline 0.008 -7"><span class='ocrx_word' id='word_1_4' title='bbox 389 1590 765 1678; x_wconf 86' lang='lat' dir='ltr'><strong>MONASTERII</strong></span> <span class='ocrx_word' id='word_1_5' title='bbox 804 1598 885 1678; x_wconf 90' lang='lat' dir='ltr'><strong>DE</strong></span> <span class='ocrx_word' id='word_1_6' title='bbox 927 1597 1138 1680; x_wconf 91' lang='lat' dir='ltr'><strong>BELLO.</strong></span> 
     </span>
    </p>
   </div>
   <div class='ocr_carea' id='block_1_4' title="bbox 634 1877 852 1893">
    <p class='ocr_par' dir='ltr' id='par_1_4' title="bbox 634 1877 852 1893">
     <span class='ocr_line' id='line_1_4' title="bbox 634 1877 852 1893; baseline 0.005 -1"><span class='ocrx_word' id='word_1_7' title='bbox 634 1877 852 1893; x_wconf 37' lang='grc' dir='ltr'><strong>ῃ.-</strong></span> 
     </span>
    </p>
   </div>
   <div class='ocr_carea' id='block_1_5' title="bbox 257 2095 1439 2495">
    <p class='ocr_par' dir='ltr' id='par_1_5' title="bbox 344 2095 1439 2293">
     <span class='ocr_line' id='line_1_5' title="bbox 570 2095 1439 2188; baseline 0.015 -30"><span class='ocrx_word' id='word_1_8' title='bbox 570 2095 764 2166; x_wconf 90' lang='lat' dir='ltr'><strong>UONIAM</strong></span> <span class='ocrx_word' id='word_1_9' title='bbox 793 2102 833 2166; x_wconf 89' lang='lat' dir='ltr'><strong>de</strong></span> <span class='ocrx_word' id='word_1_10' title='bbox 856 2103 921 2166; x_wconf 90' lang='lat' dir='ltr'><strong>situ</strong></span> <span class='ocrx_word' id='word_1_11' title='bbox 944 2113 978 2167; x_wconf 90' lang='lat' dir='ltr'><strong>et</strong></span> <span class='ocrx_word' id='word_1_12' title='bbox 998 2103 1204 2167; x_wconf 89' lang='lat' dir='ltr'><strong>institutione</strong></span> <span class='ocrx_word' id='word_1_13' title='bbox 1228 2103 1290 2168; x_wconf 92' lang='lat' dir='ltr'><strong>loci</strong></span> <span class='ocrx_word' id='word_1_14' title='bbox 1301 2129 1345 2188; x_wconf 71' lang='lat' dir='ltr'><strong>me</strong></span> <span class='ocrx_word' id='word_1_15' title='bbox 1353 2129 1439 2170; x_wconf 69' lang='lat' dir='ltr'><strong>writer·</strong></span> 
     </span>
     <span class='ocr_line' id='line_1_6' title="bbox 357 2179 1377 2280; baseline -0.001 -11.013"><span class='ocrx_word' id='word_1_16' title='bbox 357 2220 492 2241; x_wconf 63' lang='lat'>²</span> <span class='ocrx_word' id='word_1_17' title='bbox 592 2201 705 2280; x_wconf 87' lang='lat' dir='ltr'><strong>nostri,</strong></span> <span class='ocrx_word' id='word_1_18' title='bbox 731 2203 875 2268; x_wconf 79' lang='lat' dir='ltr'><strong>ecclesiae</strong></span> <span class='ocrx_word' id='word_1_19' title='bbox 898 2204 1022 2268; x_wconf 88' lang='lat' dir='ltr'><strong>scilicet</strong></span> <span class='ocrx_word' id='word_1_20' title='bbox 1046 2205 1134 2268; x_wconf 85' lang='lat' dir='ltr'><strong>beati</strong></span> <span class='ocrx_word' id='word_1_21' title='bbox 1155 2205 1291 2268; x_wconf 86' lang='lat' dir='ltr'><strong>Martini</strong></span> <span class='ocrx_word' id='word_1_22' title='bbox 1301 2179 1377 2230; x_wconf 45' lang='grc' dir='ltr'><strong>01)Μῄ</strong></span> 
     </span>
    </p>

    <p class='ocr_par' dir='ltr' id='par_1_6' title="bbox 257 2292 1291 2495">
     <span class='ocr_line' id='line_1_7' title="bbox 398 2304 1291 2392; baseline 0.006 -26"><span class='ocrx_word' id='word_1_23' title='bbox 398 2388 399 2391; x_wconf 7' lang='grc' dir='ltr'><strong>Ἴ</strong></span> <span class='ocrx_word' id='word_1_24' title='bbox 593 2304 633 2366; x_wconf 95' lang='lat' dir='ltr'><strong>de</strong></span> <span class='ocrx_word' id='word_1_25' title='bbox 649 2305 752 2386; x_wconf 93' lang='lat' dir='ltr'><strong>Bello,</strong></span> <span class='ocrx_word' id='word_1_26' title='bbox 765 2307 931 2392; x_wconf 83' lang='lat' dir='ltr'><strong>aliquanta</strong></span> <span class='ocrx_word' id='word_1_27' title='bbox 943 2309 1012 2392; x_wconf 91' lang='lat' dir='ltr'><strong>jam</strong></span> <span class='ocrx_word' id='word_1_28' title='bbox 1026 2306 1190 2370; x_wconf 86' lang='lat' dir='ltr'><strong>memoriae</strong></span> <span class='ocrx_word' id='word_1_29' title='bbox 1205 2330 1291 2371; x_wconf 91' lang='lat' dir='ltr'><strong>com-</strong></span> 
     </span>
     <span class='ocr_line' id='line_1_8' title="bbox 257 2398 1290 2495; baseline 0.004 -27"><span class='ocrx_word' id='word_1_30' title='bbox 257 2432 262 2443; x_wconf 49' lang='lat'><em>*</em></span> <span class='ocrx_word' id='word_1_31' title='bbox 343 2420 477 2447; x_wconf 49' lang='lat' dir='ltr'><strong>“s</strong></span> <span class='ocrx_word' id='word_1_32' title='bbox 523 2398 524 2401; x_wconf 27' lang='lat'>¹</span> <span class='ocrx_word' id='word_1_33' title='bbox 593 2409 751 2486; x_wconf 85' lang='lat' dir='ltr'><strong>mendata,</strong></span> <span class='ocrx_word' id='word_1_34' title='bbox 768 2411 808 2474; x_wconf 89' lang='lat' dir='ltr'><strong>ad</strong></span> <span class='ocrx_word' id='word_1_35' title='bbox 825 2419 1029 2495; x_wconf 80' lang='lat' dir='ltr'>posterorum</span> <span class='ocrx_word' id='word_1_36' title='bbox 1044 2407 1290 2486; x_wconf 81' lang='lat' dir='ltr'><strong>monimentum,</strong></span> 
     </span>
    </p>
   </div>
   <div class='ocr_carea' id='block_1_6' title="bbox 256 2500 1293 2617">
    <p class='ocr_par' dir='ltr' id='par_1_7' title="bbox 256 2478 1293 2617">
     <span class='ocr_line' id='line_1_9' title="bbox 256 2500 1293 2617; baseline 0.004 -47"><span class='ocrx_word' id='word_1_37' title='bbox 256 2500 270 2617; x_wconf 35' lang='grc' dir='ltr'><strong>’ξ</strong></span> <span class='ocrx_word' id='word_1_38' title='bbox 593 2509 686 2575; x_wconf 89' lang='lat' dir='ltr'><strong>nobis</strong></span> <span class='ocrx_word' id='word_1_39' title='bbox 705 2511 745 2574; x_wconf 93' lang='lat' dir='ltr'><strong>-in</strong></span> <span class='ocrx_word' id='word_1_40' title='bbox 771 2522 925 2597; x_wconf 91' lang='lat' dir='ltr'><strong>promptu</strong></span> <span class='ocrx_word' id='word_1_41' title='bbox 950 2510 1123 2588; x_wconf 84' lang='lat' dir='ltr'><strong>habentur,</strong></span> <span class='ocrx_word' id='word_1_42' title='bbox 1151 2511 1293 2575; x_wconf 87' lang='lat' dir='ltr'><strong>decrevi-</strong></span> 
     </span>
    </p>
   </div>
   <div class='ocr_carea' id='block_1_7' title="bbox 218 2613 1461 4430">
    <p class='ocr_par' dir='ltr' id='par_1_8' title="bbox 267 2598 1290 2707">
     <span class='ocr_line' id='line_1_10' title="bbox 267 2613 1290 2691; baseline 0.002 -17"><span class='ocrx_word' id='word_1_43' title='bbox 267 2626 274 2653; x_wconf 52' lang='lat'><em>*</em></span> <span class='ocrx_word' id='word_1_44' title='bbox 343 2624 476 2663; x_wconf 74' lang='grc' dir='ltr'>ἶ</span> <span class='ocrx_word' id='word_1_45' title='bbox 593 2634 665 2674; x_wconf 91' lang='lat' dir='ltr'><strong>mus</strong></span> <span class='ocrx_word' id='word_1_46' title='bbox 695 2623 728 2676; x_wconf 94' lang='lat' dir='ltr'><strong>et</strong></span> <span class='ocrx_word' id='word_1_47' title='bbox 756 2636 825 2691; x_wconf 90' lang='lat' dir='ltr'><strong>nos,</strong></span> <span class='ocrx_word' id='word_1_48' title='bbox 856 2614 895 2676; x_wconf 90' lang='lat' dir='ltr'><strong>de</strong></span> <span class='ocrx_word' id='word_1_49' title='bbox 926 2613 1036 2676; x_wconf 90' lang='lat' dir='ltr'><strong>eadem</strong></span> <span class='ocrx_word' id='word_1_50' title='bbox 1064 2635 1151 2676; x_wconf 89' lang='lat' dir='ltr'><strong>nunc</strong></span> <span class='ocrx_word' id='word_1_51' title='bbox 1182 2613 1290 2688; x_wconf 86' lang='lat' dir='ltr'><strong>latius,</strong></span> 
     </span>
    </p>

    <p class='ocr_par' dir='ltr' id='par_1_9' title="bbox 356 2702 1292 2801">
     <span class='ocr_line' id='line_1_11' title="bbox 356 2704 1292 2800; baseline 0.002 -24"><span class='ocrx_word' id='word_1_52' title='bbox 356 2704 462 2763; x_wconf 39' lang='grc' dir='ltr'><strong>ἐξ</strong></span> <span class='ocrx_word' id='word_1_53' title='bbox 478 2768 525 2794; x_wconf 64' lang='lat'><strong>,</strong></span> <span class='ocrx_word' id='word_1_54' title='bbox 595 2714 744 2798; x_wconf 88' lang='lat' dir='ltr'><strong>quaedam</strong></span> <span class='ocrx_word' id='word_1_55' title='bbox 762 2715 952 2781; x_wconf 91' lang='lat' dir='ltr'><strong>omissorum</strong></span> <span class='ocrx_word' id='word_1_56' title='bbox 974 2715 1218 2800; x_wconf 91' lang='lat' dir='ltr'><strong>recapitulando</strong></span> <span class='ocrx_word' id='word_1_57' title='bbox 1240 2716 1292 2778; x_wconf 89' lang='lat' dir='ltr'><strong>vel</strong></span> 
     </span>
    </p>

    <p class='ocr_par' dir='ltr' id='par_1_10' title="bbox 496 2806 1292 2902">
     <span class='ocr_line' id='line_1_12' title="bbox 496 2806 1292 2902; baseline 0 -24"><span class='ocrx_word' id='word_1_58' title='bbox 496 2806 523 2823; x_wconf 42' lang='grc' dir='ltr'>ἑ</span> <span class='ocrx_word' id='word_1_59' title='bbox 594 2815 785 2900; x_wconf 65' lang='lat' dir='ltr'><strong>supplendo,</strong></span> <span class='ocrx_word' id='word_1_60' title='bbox 808 2827 977 2893; x_wconf 89' lang='lat' dir='ltr'><strong>annotare;</strong></span> <span class='ocrx_word' id='word_1_61' title='bbox 1001 2827 1040 2880; x_wconf 89' lang='lat' dir='ltr'><strong>ut</strong></span> <span class='ocrx_word' id='word_1_62' title='bbox 1062 2839 1109 2894; x_wconf 88' lang='lat' dir='ltr'><strong>ea,</strong></span> <span class='ocrx_word' id='word_1_63' title='bbox 1133 2839 1207 2902; x_wconf 89' lang='lat' dir='ltr'><strong>quae</strong></span> <span class='ocrx_word' id='word_1_64' title='bbox 1223 2839 1292 2879; x_wconf 88' lang='lat' dir='ltr'><strong>ver-</strong></span> 
     </span>
    </p>

    <p class='ocr_par' dir='ltr' id='par_1_11' title="bbox 593 2918 1292 2996">
     <span class='ocr_line' id='line_1_13' title="bbox 593 2918 1292 2996; baseline 0.001 -15"><span class='ocrx_word' id='word_1_65' title='bbox 593 2918 742 2996; x_wconf 89' lang='lat' dir='ltr'><strong>botenus,</strong></span> <span class='ocrx_word' id='word_1_66' title='bbox 772 2920 824 2982; x_wconf 90' lang='lat' dir='ltr'><strong>vel</strong></span> <span class='ocrx_word' id='word_1_67' title='bbox 852 2919 950 2983; x_wconf 89' lang='lat' dir='ltr'><strong>etiam</strong></span> <span class='ocrx_word' id='word_1_68' title='bbox 986 2919 1125 2982; x_wconf 86' lang='lat' dir='ltr'><strong>scedulis</strong></span> <span class='ocrx_word' id='word_1_69' title='bbox 1160 2929 1292 2982; x_wconf 86' lang='lat' dir='ltr'><strong>exarata</strong></span> 
     </span>
    </p>

    <p class='ocr_par' dir='ltr' id='par_1_12' title="bbox 235 3009 1291 3104">
     <span class='ocr_line' id='line_1_14' title="bbox 235 3009 1291 3104; baseline -0.001 -19"><span class='ocrx_word' id='word_1_70' title='bbox 235 3022 275 3085; x_wconf 84' lang='lat' dir='ltr'><strong>ab</strong></span> <span class='ocrx_word' id='word_1_71' title='bbox 298 3009 563 3095; x_wconf 70' lang='lat' dir='ltr'><strong>antecessoribus,</strong></span> <span class='ocrx_word' id='word_1_72' title='bbox 580 3018 621 3081; x_wconf 89' lang='lat' dir='ltr'><strong>ad</strong></span> <span class='ocrx_word' id='word_1_73' title='bbox 641 3019 912 3104; x_wconf 91' lang='lat' dir='ltr'><strong>subsequentium</strong></span> <span class='ocrx_word' id='word_1_74' title='bbox 926 3021 1105 3084; x_wconf 86' lang='lat' dir='ltr'><strong>utilitatem</strong></span> <span class='ocrx_word' id='word_1_75' title='bbox 1125 3021 1291 3084; x_wconf 85' lang='lat' dir='ltr'><strong>memoriae</strong></span> 
     </span>
    </p>

    <p class='ocr_par' dir='ltr' id='par_1_13' title="bbox 235 3115 1291 3208">
     <span class='ocr_line' id='line_1_15' title="bbox 235 3115 1291 3208; baseline -0.002 -22"><span class='ocrx_word' id='word_1_76' title='bbox 235 3124 341 3208; x_wconf 85' lang='lat' dir='ltr'><strong>digna,</strong></span> <span class='ocrx_word' id='word_1_77' title='bbox 357 3122 478 3186; x_wconf 82' lang='lat' dir='ltr'><strong>discere</strong></span> <span class='ocrx_word' id='word_1_78' title='bbox 504 3119 681 3204; x_wconf 90' lang='lat' dir='ltr'><strong>potuimus,</strong></span> <span class='ocrx_word' id='word_1_79' title='bbox 696 3121 747 3186; x_wconf 90' lang='lat' dir='ltr'><strong>his</strong></span> <span class='ocrx_word' id='word_1_80' title='bbox 763 3145 895 3207; x_wconf 91' lang='lat' dir='ltr'><strong>quoque</strong></span> <span class='ocrx_word' id='word_1_81' title='bbox 908 3115 969 3208; x_wconf 72' lang='lat' dir='ltr'><strong>¹qui</strong></span> <span class='ocrx_word' id='word_1_82' title='bbox 992 3123 1128 3186; x_wconf 87' lang='lat' dir='ltr'><strong>necdum</strong></span> <span class='ocrx_word' id='word_1_83' title='bbox 1153 3134 1239 3199; x_wconf 92' lang='lat' dir='ltr'><strong>sunt,</strong></span> <span class='ocrx_word' id='word_1_84' title='bbox 1257 3123 1291 3184; x_wconf 90' lang='lat' dir='ltr'><strong>in</strong></span> 
     </span>
    </p>

    <p class='ocr_par' dir='ltr' id='par_1_14' title="bbox 234 3223 1292 3298">
     <span class='ocr_line' id='line_1_16' title="bbox 234 3223 1292 3298; baseline -0.003 -9"><span class='ocrx_word' id='word_1_85' title='bbox 234 3225 346 3289; x_wconf 89' lang='lat' dir='ltr'><strong>libello</strong></span> <span class='ocrx_word' id='word_1_86' title='bbox 371 3223 515 3298; x_wconf 87' lang='lat' dir='ltr'><strong>collecta,</strong></span> <span class='ocrx_word' id='word_1_87' title='bbox 535 3223 799 3286; x_wconf 86' lang='lat' dir='ltr'><strong>transmittamus.</strong></span> <span class='ocrx_word' id='word_1_88' title='bbox 846 3223 935 3290; x_wconf 83' lang='lat' dir='ltr'><strong>Quia</strong></span> <span class='ocrx_word' id='word_1_89' title='bbox 951 3223 1038 3286; x_wconf 89' lang='lat' dir='ltr'><strong>enim</strong></span> <span class='ocrx_word' id='word_1_90' title='bbox 1060 3223 1167 3288; x_wconf 90' lang='lat' dir='ltr'><strong>minus</strong></span> <span class='ocrx_word' id='word_1_91' title='bbox 1185 3224 1292 3288; x_wconf 89' lang='lat' dir='ltr'><strong>lucide</strong></span> 
     </span>
    </p>

    <p class='ocr_par' dir='ltr' id='par_1_15' title="bbox 235 3322 1291 3409">
     <span class='ocr_line' id='line_1_17' title="bbox 235 3322 1291 3409; baseline -0.001 -20"><span class='ocrx_word' id='word_1_92' title='bbox 235 3327 275 3390; x_wconf 94' lang='lat' dir='ltr'><strong>de</strong></span> <span class='ocrx_word' id='word_1_93' title='bbox 290 3325 392 3388; x_wconf 85' lang='lat' dir='ltr'><strong>fundo</strong></span> <span class='ocrx_word' id='word_1_94' title='bbox 405 3322 643 3409; x_wconf 89' lang='lat' dir='ltr'><strong>possessionum</strong></span> <span class='ocrx_word' id='word_1_95' title='bbox 656 3323 754 3386; x_wconf 90' lang='lat' dir='ltr'><strong>latius</strong></span> <span class='ocrx_word' id='word_1_96' title='bbox 770 3323 899 3402; x_wconf 86' lang='lat' dir='ltr'><strong>diffuso,</strong></span> <span class='ocrx_word' id='word_1_97' title='bbox 915 3325 953 3387; x_wconf 93' lang='lat' dir='ltr'><strong>de</strong></span> <span class='ocrx_word' id='word_1_98' title='bbox 978 3334 1135 3386; x_wconf 88' lang='lat' dir='ltr'><strong>terrarum</strong></span> <span class='ocrx_word' id='word_1_99' title='bbox 1159 3325 1235 3402; x_wconf 88' lang='lat' dir='ltr'><strong>situ,</strong></span> <span class='ocrx_word' id='word_1_100' title='bbox 1252 3326 1291 3388; x_wconf 93' lang='lat' dir='ltr'><strong>de</strong></span> 
     </span>
    </p>

    <p class='ocr_par' dir='ltr' id='par_1_16' title="bbox 234 3423 1292 3512">
     <span class='ocr_line' id='line_1_18' title="bbox 234 3423 1292 3512; baseline -0.001 -20"><span class='ocrx_word' id='word_1_101' title='bbox 234 3427 422 3492; x_wconf 90' lang='lat' dir='ltr'><strong>reddituum</strong></span> <span class='ocrx_word' id='word_1_102' title='bbox 446 3445 554 3500; x_wconf 89' lang='lat' dir='ltr'><strong>censu,</strong></span> <span class='ocrx_word' id='word_1_103' title='bbox 582 3423 621 3486; x_wconf 92' lang='lat' dir='ltr'><strong>de</strong></span> <span class='ocrx_word' id='word_1_104' title='bbox 645 3425 917 3489; x_wconf 90' lang='lat' dir='ltr'><strong>consuetudinum</strong></span> <span class='ocrx_word' id='word_1_105' title='bbox 946 3425 1180 3509; x_wconf 85' lang='lat' dir='ltr'><strong>dignitatumve</strong></span> <span class='ocrx_word' id='word_1_106' title='bbox 1207 3429 1292 3512; x_wconf 85' lang='lat' dir='ltr'><strong>ejus-</strong></span> 
     </span>
    </p>

    <p class='ocr_par' dir='ltr' id='par_1_17' title="bbox 235 3527 1293 3607">
     <span class='ocr_line' id='line_1_19' title="bbox 235 3527 1293 3607; baseline 0 -13"><span class='ocrx_word' id='word_1_107' title='bbox 235 3532 307 3594; x_wconf 90' lang='lat' dir='ltr'><strong>dem</strong></span> <span class='ocrx_word' id='word_1_108' title='bbox 345 3527 489 3593; x_wconf 84' lang='lat' dir='ltr'><strong>ecclesiae</strong></span> <span class='ocrx_word' id='word_1_109' title='bbox 518 3527 736 3607; x_wconf 86' lang='lat' dir='ltr'><strong>libertatibus,</strong></span> <span class='ocrx_word' id='word_1_110' title='bbox 767 3529 807 3591; x_wconf 92' lang='lat' dir='ltr'><strong>de</strong></span> <span class='ocrx_word' id='word_1_111' title='bbox 836 3528 932 3592; x_wconf 86' lang='lat' dir='ltr'><strong>variis</strong></span> <span class='ocrx_word' id='word_1_112' title='bbox 962 3530 1003 3592; x_wconf 90' lang='lat' dir='ltr'><strong>ad</strong></span> <span class='ocrx_word' id='word_1_113' title='bbox 1043 3530 1202 3594; x_wconf 91' lang='lat' dir='ltr'><strong>cautelam</strong></span> <span class='ocrx_word' id='word_1_114' title='bbox 1241 3531 1293 3594; x_wconf 85' lang='lat' dir='ltr'><strong>vel</strong></span> 
     </span>
    </p>

    <p class='ocr_par' dir='ltr' id='par_1_18' title="bbox 235 3631 1293 3718">
     <span class='ocr_line' id='line_1_20' title="bbox 235 3631 1293 3718; baseline -0.001 -20"><span class='ocrx_word' id='word_1_115' title='bbox 235 3633 438 3698; x_wconf 92' lang='lat' dir='ltr'><strong>commodum</strong></span> <span class='ocrx_word' id='word_1_116' title='bbox 461 3641 664 3718; x_wconf 89' lang='lat' dir='ltr'><strong>posterorum</strong></span> <span class='ocrx_word' id='word_1_117' title='bbox 679 3633 894 3696; x_wconf 85' lang='lat' dir='ltr'><strong>accidentium</strong></span> <span class='ocrx_word' id='word_1_118' title='bbox 909 3633 959 3697; x_wconf 89' lang='lat' dir='ltr'><strong>vel</strong></span> <span class='ocrx_word' id='word_1_119' title='bbox 981 3631 1175 3718; x_wconf 85' lang='lat' dir='ltr'><strong>placitorum</strong></span> <span class='ocrx_word' id='word_1_120' title='bbox 1190 3635 1293 3700; x_wconf 84' lang='lat' dir='ltr'><strong>causis</strong></span> 
     </span>
    </p>

    <p class='ocr_par' dir='ltr' id='par_1_19' title="bbox 218 3734 1293 3818">
     <span class='ocr_line' id='line_1_21' title="bbox 218 3734 1293 3818; baseline 0 -20"><span class='ocrx_word' id='word_1_121' title='bbox 218 3735 388 3800; x_wconf 51' lang='lat' dir='ltr'><strong>¹hactenus</strong></span> <span class='ocrx_word' id='word_1_122' title='bbox 412 3734 572 3818; x_wconf 87' lang='lat' dir='ltr'><strong>digestum</strong></span> <span class='ocrx_word' id='word_1_123' title='bbox 599 3743 657 3813; x_wconf 89' lang='lat' dir='ltr'><strong>est,</strong></span> <span class='ocrx_word' id='word_1_124' title='bbox 682 3757 768 3798; x_wconf 91' lang='lat' dir='ltr'><strong>nunc</strong></span> <span class='ocrx_word' id='word_1_125' title='bbox 792 3735 869 3798; x_wconf 91' lang='lat' dir='ltr'><strong>licet</strong></span> <span class='ocrx_word' id='word_1_126' title='bbox 894 3736 934 3799; x_wconf 85' lang='lat' dir='ltr'><strong>ad</strong></span> <span class='ocrx_word' id='word_1_127' title='bbox 964 3735 1035 3799; x_wconf 90' lang='lat' dir='ltr'><strong>haec</strong></span> <span class='ocrx_word' id='word_1_128' title='bbox 1060 3735 1293 3800; x_wconf 89' lang='lat' dir='ltr'><strong>insufficientes</strong></span> 
     </span>
    </p>

    <p class='ocr_par' dir='ltr' id='par_1_20' title="bbox 234 3836 1293 4003">
     <span class='ocr_line' id='line_1_22' title="bbox 234 3836 1293 3922; baseline -0.001 -22"><span class='ocrx_word' id='word_1_129' title='bbox 234 3838 366 3921; x_wconf 89' lang='lat' dir='ltr'><strong>penitus</strong></span> <span class='ocrx_word' id='word_1_130' title='bbox 389 3838 499 3914; x_wconf 90' lang='lat' dir='ltr'><strong>simus,</strong></span> <span class='ocrx_word' id='word_1_131' title='bbox 515 3837 554 3900; x_wconf 87' lang='lat' dir='ltr'><strong>ad</strong></span> <span class='ocrx_word' id='word_1_132' title='bbox 580 3837 690 3900; x_wconf 88' lang='lat' dir='ltr'><strong>eadem</strong></span> <span class='ocrx_word' id='word_1_133' title='bbox 712 3837 842 3922; x_wconf 86' lang='lat' dir='ltr'><strong>plenius</strong></span> <span class='ocrx_word' id='word_1_134' title='bbox 865 3837 1067 3921; x_wconf 84' lang='lat' dir='ltr'><strong>expedienda</strong></span> <span class='ocrx_word' id='word_1_135' title='bbox 1090 3838 1130 3900; x_wconf 85' lang='lat' dir='ltr'><strong>ab</strong></span> <span class='ocrx_word' id='word_1_136' title='bbox 1158 3836 1293 3900; x_wconf 91' lang='lat' dir='ltr'><strong>exordio</strong></span> 
     </span>
     <span class='ocr_line' id='line_1_23' title="bbox 235 3938 1170 4003; baseline 0 -1"><span class='ocrx_word' id='word_1_137' title='bbox 235 3939 378 4003; x_wconf 89' lang='lat' dir='ltr'><strong>animum</strong></span> <span class='ocrx_word' id='word_1_138' title='bbox 393 3939 512 4002; x_wconf 89' lang='lat' dir='ltr'><strong>arctius</strong></span> <span class='ocrx_word' id='word_1_139' title='bbox 527 3940 763 4003; x_wconf 85' lang='lat' dir='ltr'><strong>accommodare</strong></span> <span class='ocrx_word' id='word_1_140' title='bbox 778 3962 843 4003; x_wconf 92' lang='lat' dir='ltr'><strong>non</strong></span> <span class='ocrx_word' id='word_1_141' title='bbox 858 3938 975 4002; x_wconf 90' lang='lat' dir='ltr'><strong>inutile</strong></span> <span class='ocrx_word' id='word_1_142' title='bbox 990 3938 1096 4001; x_wconf 88' lang='lat' dir='ltr'><strong>visum</strong></span> <span class='ocrx_word' id='word_1_143' title='bbox 1110 3947 1170 4002; x_wconf 89' lang='lat' dir='ltr'><strong>est.</strong></span> 
     </span>
    </p>

    <p class='ocr_par' dir='ltr' id='par_1_21' title="bbox 235 4038 1461 4430">
     <span class='ocr_line' id='line_1_24' title="bbox 280 4038 1461 4147; baseline -0.008 -40"><span class='ocrx_word' id='word_1_144' title='bbox 280 4040 445 4107; x_wconf 82' lang='lat' dir='ltr'><strong>Quoniam</strong></span> <span class='ocrx_word' id='word_1_145' title='bbox 470 4040 570 4124; x_wconf 86' lang='lat' dir='ltr'><strong>igitur</strong></span> <span class='ocrx_word' id='word_1_146' title='bbox 590 4039 836 4125; x_wconf 90' lang='lat' dir='ltr'><strong>dispensationis</strong></span> <span class='ocrx_word' id='word_1_147' title='bbox 855 4050 940 4104; x_wconf 89' lang='lat' dir='ltr'><strong>nutu</strong></span> <span class='ocrx_word' id='word_1_148' title='bbox 956 4061 1022 4122; x_wconf 94' lang='lat' dir='ltr'><strong>quo</strong></span> <span class='ocrx_word' id='word_1_149' title='bbox 1038 4039 1145 4102; x_wconf 91' lang='lat' dir='ltr'><strong>omnia</strong></span> <span class='ocrx_word' id='word_1_150' title='bbox 1160 4038 1293 4102; x_wconf 92' lang='lat' dir='ltr'><strong>volvun·</strong></span> <span class='ocrx_word' id='word_1_151' title='bbox 1307 4059 1415 4147; x_wconf 64' lang='lat' dir='ltr'><strong>omiond</strong></span> <span class='ocrx_word' id='word_1_152' title='bbox 1436 4060 1461 4098; x_wconf 82' lang='lat' dir='ltr'><strong>or</strong></span> 
     </span>
     <span class='ocr_line' id='line_1_25' title="bbox 235 4110 1437 4226; baseline -0.005 -21"><span class='ocrx_word' id='word_1_153' title='bbox 235 4151 289 4205; x_wconf 90' lang='lat' dir='ltr'><strong>tur</strong></span> <span class='ocrx_word' id='word_1_154' title='bbox 304 4142 469 4219; x_wconf 85' lang='lat' dir='ltr'><strong>secularia,</strong></span> <span class='ocrx_word' id='word_1_155' title='bbox 485 4164 529 4204; x_wconf 89' lang='lat' dir='ltr'><strong>ex</strong></span> <span class='ocrx_word' id='word_1_156' title='bbox 543 4142 662 4226; x_wconf 83' lang='lat' dir='ltr'><strong>insigni</strong></span> <span class='ocrx_word' id='word_1_157' title='bbox 677 4143 940 4207; x_wconf 89' lang='lat' dir='ltr'><strong>Normannorum</strong></span> <span class='ocrx_word' id='word_1_158' title='bbox 956 4163 991 4204; x_wconf 85' lang='lat' dir='ltr'><strong>ac</strong></span> <span class='ocrx_word' id='word_1_159' title='bbox 1011 4140 1119 4224; x_wconf 84' lang='lat' dir='ltr'><strong>magni</strong></span> <span class='ocrx_word' id='word_1_160' title='bbox 1138 4140 1295 4226; x_wconf 90' lang='lat' dir='ltr'><strong>principis</strong></span> <span class='ocrx_word' id='word_1_161' title='bbox 1305 4110 1400 4200; x_wconf 52' lang='lat' dir='ltr'><strong>idaim</strong></span> <span class='ocrx_word' id='word_1_162' title='bbox 1416 4119 1437 4146; x_wconf 71' lang='lat'><strong>⁸‘</strong></span> 
     </span>
     <span class='ocr_line' id='line_1_26' title="bbox 236 4241 1292 4328; baseline 0.001 -23"><span class='ocrx_word' id='word_1_163' title='bbox 236 4241 385 4306; x_wconf 88' lang='lat' dir='ltr'><strong>Rollonis</strong></span> <span class='ocrx_word' id='word_1_164' title='bbox 400 4252 568 4306; x_wconf 88' lang='lat' dir='ltr'><strong>stemmate</strong></span> <span class='ocrx_word' id='word_1_165' title='bbox 582 4243 746 4328; x_wconf 91' lang='lat' dir='ltr'><strong>piissimus</strong></span> <span class='ocrx_word' id='word_1_166' title='bbox 765 4246 834 4308; x_wconf 89' lang='lat' dir='ltr'><strong>dux</strong></span> <span class='ocrx_word' id='word_1_167' title='bbox 847 4241 1044 4320; x_wconf 87' lang='lat' dir='ltr'><strong>Willehnus,</strong></span> <span class='ocrx_word' id='word_1_168' title='bbox 1060 4253 1152 4328; x_wconf 84' lang='lat' dir='ltr'><strong>pater</strong></span> <span class='ocrx_word' id='word_1_169' title='bbox 1165 4243 1292 4328; x_wconf 85' lang='lat' dir='ltr'><strong>patriae,</strong></span> 
     </span>
     <span class='ocr_line' id='line_1_27' title="bbox 235 4344 1291 4430; baseline 0.001 -24"><span class='ocrx_word' id='word_1_170' title='bbox 235 4355 269 4406; x_wconf 90' lang='lat' dir='ltr'><strong>et</strong></span> <span class='ocrx_word' id='word_1_171' title='bbox 294 4344 386 4408; x_wconf 89' lang='lat' dir='ltr'><strong>limes</strong></span> <span class='ocrx_word' id='word_1_172' title='bbox 411 4345 546 4408; x_wconf 87' lang='lat' dir='ltr'><strong>ducatus</strong></span> <span class='ocrx_word' id='word_1_173' title='bbox 576 4354 609 4407; x_wconf 89' lang='lat' dir='ltr'><strong>et</strong></span> <span class='ocrx_word' id='word_1_174' title='bbox 639 4345 730 4427; x_wconf 88' lang='lat' dir='ltr'><strong>regni</strong></span> <span class='ocrx_word' id='word_1_175' title='bbox 756 4347 873 4410; x_wconf 90' lang='lat' dir='ltr'><strong>merito</strong></span> <span class='ocrx_word' id='word_1_176' title='bbox 899 4345 1123 4422; x_wconf 91' lang='lat' dir='ltr'><strong>nominandus,</strong></span> <span class='ocrx_word' id='word_1_177' title='bbox 1155 4345 1225 4430; x_wconf 90' lang='lat' dir='ltr'><strong>ipso</strong></span> <span class='ocrx_word' id='word_1_178' title='bbox 1259 4345 1291 4407; x_wconf 92' lang='lat' dir='ltr'><strong>in</strong></span> 
     </span>
    </p>
   </div>
   <div class='ocr_carea' id='block_1_8' title="bbox 1145 4468 1165 4509">
    <p class='ocr_par' dir='ltr' id='par_1_22' title="bbox 1145 4468 1165 4509">
     <span class='ocr_line' id='line_1_28' title="bbox 1145 4468 1165 4509; baseline 0 0"><span class='ocrx_word' id='word_1_179' title='bbox 1145 4468 1165 4509; x_wconf 89' lang='lat' dir='ltr'><strong>B</strong></span> 
     </span>
    </p>
   </div>
   <div class='ocr_carea' id='block_1_9' title="bbox 0 0 1637 5172">
    <p class='ocr_par' dir='ltr' id='par_1_23' title="bbox 0 0 1637 5172">
     <span class='ocr_line' id='line_1_29' title="bbox 0 0 1637 5172; baseline 0 0"><span class='ocrx_word' id='word_1_180' title='bbox 0 0 1637 5172; x_wconf 95' lang='lat' dir='ltr'><strong> </strong></span> 
     </span>
    </p>
   </div>
  </div>
 </body>
</html>
