3240 5154
343 563 408 634 172
644 581 813 633 nisronu
838 581 1091 634 runnsnoms

342 758 421 821 pum
437 733 669 819 contingebant
691 756 759 797 esse
777 735 962 814 verendum,
980 735 1079 799 abbas
1095 734 1188 818 quasi
1199 737 1268 820 jam
1291 739 1403 799 secu‘re

342 839 434 902 litem
448 838 661 922 ingressurus,
680 838 750 922 jam
764 837 804 899 de
823 835 892 899 solo
911 837 1076 914 advocato,
1092 836 1146 899 cui
1161 858 1290 899 causam
1308 858 1402 900 suam

343 941 562 1005 committeret
582 939 826 1016 defendendam,
842 939 946 1024 coepit
965 962 1035 1003 esse
1056 939 1226 1003 sollicitus.
1273 937 1406 1002 Conve-

343 1045 436 1106 niens
449 1044 561 1127 itaque
574 1043 734 1125 quendam
749 1041 937 1105 clericorum
952 1041 1195 1126 archiepiscopi,
1210 1040 1402 1124 magistrum

343 1145 467 1209 scilicet
490 1144 674 1208 Gerardum
699 1153 913 1228 cognomento
939 1143 1100 1222 Puellam,
1129 1143 1236 1208 virum
1266 1143 1402 1228 quidem

342 1247 596 1312 eruditissimum
607 1256 640 1309 et
653 1245 934 1324 litteratissimum,
949 1246 1157 1331 postmodum
1164 1268 1240 1309 vero
1251 1245 1402 1309 Cestren·

343 1372 409 1413 sem
438 1349 638 1434 episcopum,
662 1370 790 1411 causam
816 1369 908 1410 suam
933 1347 996 1412 sibi
1025 1347 1189 1432 exposuit,
1219 1369 1335 1431 rogans
1360 1357 1402 1410 ut

342 1452 489 1535 antiquae
509 1449 737 1515 familiaritatis
755 1450 859 1534 gratia
875 1450 937 1513 sub
955 1459 1081 1514 mutuae
1095 1449 1325 1514 vicissitudinis
1339 1450 1400 1514 ob-

342 1564 437 1618 tentu
456 1577 526 1617 eam
549 1552 719 1618 fovendam
739 1552 926 1637 susciperet.
972 1551 1118 1616 Clericus
1139 1552 1207 1631 ille,
1230 1552 1342 1616 audita
1364 1559 1401 1615 et

341 1657 471 1742 plenius
495 1657 624 1741 cognita
640 1675 745 1719 causae
765 1655 857 1734 serie,
875 1655 1054 1740 respondit,
1076 1678 1204 1719 causam
1227 1655 1316 1718 illam
1339 1655 1399 1718 do-

341 1761 466 1823 minum
487 1782 582 1823 suum
611 1758 885 1842 archiepiscopum
910 1758 1107 1842 contingere,
1133 1780 1194 1820 nec
1214 1781 1248 1820 se
1271 1767 1399 1844 partem

341 1861 482 1946 aliquam
505 1884 599 1946 posse
620 1861 716 1939 tueri,
738 1860 816 1944 quia
839 1860 962 1924 domini
985 1860 1037 1923 sui
1065 1870 1157 1924 actus
1182 1860 1272 1924 velut
1290 1861 1403 1924 minus

339 1963 547 2027 rationabiles
575 1962 740 2027 videretur
773 1962 966 2046 improbare.
1027 1962 1090 2026 Illo
1127 1963 1172 2028 sic
1208 1973 1398 2041 excusante,

339 2065 438 2130 abbas
460 2065 650 2149 magistrum
674 2062 940 2128 Bartholomeum
966 2063 1189 2128 Exoniensem
1209 2065 1399 2149 episcopum

339 2168 402 2232 sibi
425 2168 502 2232 olim
529 2154 720 2231 familiarem
745 2167 897 2250 expetiit,
922 2176 962 2230 ut
987 2189 1051 2230 una
1078 2189 1152 2230 cum
1179 2165 1303 2230 clericis
1330 2169 1399 2231 suis

339 2292 449 2334 secum
474 2270 509 2333 in
530 2293 624 2334 causa
648 2293 706 2333 sua
727 2279 837 2333 staret.
883 2269 1066 2354 Episcopus
1090 2291 1283 2352 cognoscens
1307 2269 1398 2352 quod

338 2373 488 2435 adversus
512 2371 730 2435 Godefridum
754 2373 794 2434 de
820 2370 904 2434 Luci
927 2382 1012 2436 esset
1036 2373 1207 2456 agendum,
1230 2371 1399 2457 respondit

338 2473 478 2536 eundem
494 2472 713 2537 Godefridum
727 2473 926 2536 Exoniensis
946 2473 1090 2537 ecclesiae
1110 2497 1178 2537 esse
1194 2475 1396 2552 canonicum,

339 2597 398 2639 nec
413 2597 448 2638 se
464 2596 591 2638 causam
614 2574 763 2654 alienam,
780 2576 868 2640 adse
889 2598 956 2639 non
975 2576 1203 2660 pertinentem,
1220 2586 1331 2640 contra
1345 2600 1398 2641 ca-

338 2678 491 2742 nonicum
514 2701 609 2741 suum
629 2701 722 2764 posse
736 2677 856 2743 fovere.
902 2678 1130 2758 Praetendente
1155 2678 1306 2764 episcopo
1333 2679 1397 2742 hu·

335 2781 479 2866 jusmodi
508 2781 763 2858 excusationem,
794 2780 967 2845 declinavit
1001 2781 1099 2844 abbas
1132 2781 1173 2845 ad
1207 2781 1397 2864 magistrum

339 2883 360 2946 J
361 2883 520 2946 ohannem
536 2882 822 2960 Saresberiensem,
846 2882 1051 2968 postmodum
1068 2882 1298 2948 Camotensem
1313 2885 1397 2969 epis-

340 3007 469 3069 copum,
499 3006 574 3046 eum
600 2984 640 3046 de
663 3006 759 3047 causa
787 3007 846 3047 sua
868 2985 1047 3064 consulem,
1071 2995 1103 3048 et
1132 2985 1294 3050 auxilium
1321 3010 1398 3072 pos-

339 3085 456 3149 tulans.
503 3084 570 3148 Sed
589 3085 675 3148 idem
698 3085 862 3150 Johannes
889 3110 923 3150 se
947 3110 1115 3166 excusans,
1144 3093 1165 3123 “
1183 3088 1398 3168 Canonicus,’'

337 3188 457 3272 inquit,
486 3191 590 3252 “sum
616 3188 812 3253 Exoniensis
843 3189 997 3270 ecclesiae,
1023 3212 1083 3254 nec
1109 3189 1291 3256 Godefrido
1321 3214 1396 3256 cum

338 3293 483 3378 ejusdem
509 3291 653 3356 ecclesiae
678 3291 757 3356 socii
776 3303 810 3356 et
831 3293 1037 3356 concanonici
1060 3293 1159 3356 simus
1185 3316 1317 3378 possum
1339 3295 1396 3358 ad-

338 3394 487 3458 versari.”
532 3392 573 3457 In
598 3394 685 3457 hunc
707 3394 840 3457 modum
865 3416 899 3458 se
926 3396 1125 3460 excusabant
1150 3395 1282 3474 omnes,¹
1298 3406 1396 3480 quot·

339 3507 420 3580 quot
441 3497 560 3559 habere
587 3496 740 3560 credebat
761 3496 880 3561 amicos
907 3506 941 3559 et
965 3497 1149 3562 familiares.
1197 3497 1315 3562 Clerici
1339 3499 1395 3562 do·

337 3598 418 3660 mini
439 3598 524 3680 regis
546 3607 580 3660 et
600 3597 842 3683 archiepiscopi,
872 3621 999 3663 causam
1027 3600 1115 3663 illam
1145 3601 1292 3668 dominos
1319 3625 1395 3666 suos

339 3699 489 3763 dicebant
511 3699 708 3783 contingere,
731 3723 791 3763 nec
821 3723 854 3764 se
883 3701 1087 3766 dominorum
1115 3723 1248 3766 suorum
1274 3703 1394 3768 diffini-

338 3802 482 3866 tionibus
510 3823 603 3888 posse
634 3801 862 3868 contradicere.
921 3803 1158 3890 Episcoporum
1195 3815 1229 3869 et
1263 3805 1400 3870 clerico·-

302 3957 305 3964 .
338 3929 410 3969 rum
440 3905 496 3969 alii
525 3905 675 3969 dicebant
705 3903 922 3969 Godefridum
959 3929 1026 3970 esse
1062 3907 1251 3972 canonicum
1287 3931 1393 3984 suum,

338 4009 393 4073 alii
414 4008 674 4073 concanonicum.
721 4007 907 4072 Communis
928 4010 1072 4086 omnium
1093 4021 1126 4074 et
1144 4011 1303 4094 generalis
1324 4022 1394 4074 erat
1476 4039 1482 4048 ⁴

338 4111 515 4188 excusati0,
538 4134 572 4174 se
594 4109 847 4195 indignationem
870 4111 991 4174 domini
1014 4111 1147 4176 Ricardi
1169 4113 1209 4176 de
1233 4111 1315 4177 Luci
1337 4136 1394 4198 pa-

373 4296 379 4327 ¹
399 4295 444 4348 All
457 4295 529 4348 these
541 4312 646 4365 persons
659 4303 686 4348 to
699 4295 782 4348 whom
792 4295 836 4348 the
870 4312 873 4320 ’
890 4295 1035 4361 &Becket3
1047 4296 1104 4348 ,ond
1126 4297 1226 4350 various
1243 4297 1332 4350 letters
1348 4297 1393 4350 ad-

337 4364 425 4420 Abbot
464 4364 603 4417 addresscd
632 4365 740 4418 himself
771 4383 836 4418 were
889 4364 994 4418 dressed
1005 4375 1037 4418 to
1049 4366 1121 4419 them
1142 4385 1185 4420 are
1204 4367 1285 4420 found
1302 4368 1329 4420 in
1347 4367 1392 4420 the

334 4434 431 4491 friends
448 4435 477 4488 of
486 4433 529 4488 the
542 4435 705 4506 Archbishop
723 4434 837 4489 Thomas
890 4435 973 4506 Epist.
984 4435 1060 4490 Joan.
1073 4437 1278 4504 sarisburiensis.
1291 4465 1294 4470 ·
