3278 5162
342 565 384 625 64
649 570 818 626 msronm
841 565 1089 626 anuonrroms'

340 727 517 791 necessaria
540 748 714 812 procurans
739 749 758 788 a
783 726 861 788 foris
887 725 1091 809 comparavit.
1135 723 1260 788 Verum
1287 710 1397 787 subse·

341 840 496 915 quentem
518 829 636 892 furoris
660 839 694 891 et
716 827 947 910 indignationis
973 850 1009 890 ac
1031 827 1197 890 abolendae
1223 826 1396 890 commina-

340 931 438 994 tionis
462 940 591 994 noctem
605 953 679 994 cum
701 930 799 994 abbas
822 940 856 992 et
870 929 920 992 sui
936 928 1045 1012 quiete
1061 937 1095 990 et
1108 927 1240 1011 pacifice
1255 927 1395 1011 peregis-

340 1044 423 1110 sent,
449 1055 528 1095 mox
550 1043 748 1095 maturatum
773 1031 838 1094 diei
866 1030 1046 1094 diluculum
1069 1029 1297 1114 impacificatos
1320 1051 1394 1092 cum

338 1134 560 1217 indignatione
580 1144 736 1218 concepta
762 1134 802 1196 ad
827 1131 956 1217 propria
981 1131 1165 1223 transmisit.
1213 1129 1278 1192 Per
1291 1130 1392 1211 pluri-

339 1257 429 1299 mum
453 1259 528 1320 ergo
544 1235 698 1320 temporis
711 1239 786 1298 cum
807 1235 892 1297 inter
907 1233 1094 1318 episcopum
1107 1242 1141 1295 et
1155 1233 1306 1295 abbatem
1319 1231 1394 1294 nul-

340 1339 466 1400 lateuus
481 1337 529 1400 ira
544 1337 770 1414 deferbuisset,
797 1359 863 1400 non
877 1337 953 1398 hinc
968 1335 1058 1398 aliud
1073 1333 1277 1396 emulationis
1290 1356 1393 1416 genus

341 1462 437 1523 quam
476 1439 749 1502 monimentorum
790 1437 928 1522 posteris
965 1436 1104 1520 insignia
1146 1435 1390 1498 administravit.

340 1540 491 1624 Denique
519 1541 637 1603 rationi
666 1540 817 1624 episcopo
841 1539 970 1603 tandem
1001 1537 1213 1599 submittente
1237 1536 1390 1614 animum,

338 1642 507 1726 pristinam
521 1641 711 1705 discordiam
734 1641 926 1705 multimodo
952 1639 1083 1724 utrique
1098 1638 1281 1702 dilectionis
1297 1639 1392 1701 caris-

337 1755 422 1807 mate
437 1745 643 1828 postmodum
658 1743 947 1806 accumulaverunt.

381 1843 421 1907 In
437 1844 636 1908 Normannia
650 1845 751 1928 igitur
763 1854 940 1907 memorato
954 1865 1028 1927 rege
1045 1843 1189 1906 Henrico
1204 1843 1390 1921 existente,¹

196 1977 225 2004 a.
265 1994 270 2006 .
337 1947 465 2008 tandem
485 1968 569 2008 anno
590 1946 681 2030 regni
703 1945 754 2008 sui
776 1945 905 2021 xxxvi0,
936 1945 1076 2028 generali
1099 1944 1292 2028 praevalente
1315 1967 1390 2008 con-

337 2047 470 2124 ditione,
493 2047 556 2110 iiii⁰
583 2071 683 2111 nonas
712 2047 901 2110 Decembris
920 2045 1072 2111 ultimum
1096 2045 1172 2109 huic
1193 2045 1313 2109 mundo
1338 2069 1391 2108 re·
1442 2097 1444 2100 .

336 2148 435 2233 liquit
448 2149 528 2213 vale.
575 2149 677 2234 Cujus
700 2171 827 2233 corpus,
844 2171 863 2210 a
885 2149 956 2211 loco
980 2147 1037 2231 qui
1061 2147 1179 2210 dicitur
1201 2147 1304 2210 Liuns
1322 2170 1388 2232 quo

335 2251 471 2328 obierat,
493 2251 528 2312 in
549 2249 701 2334 Angliam
716 2249 916 2326 translatum,
940 2249 976 2311 iu
997 2249 1190 2311 monasterio
1211 2248 1251 2312 ab
1276 2249 1388 2312 eodem

335 2353 369 2415 in
397 2355 502 2417 beatae
526 2353 590 2415 Dei
618 2353 783 2434 genitricis
813 2353 929 2415 Mariae
957 2351 1111 2416 honorem
1140 2351 1273 2415 mirifice
1300 2353 1388 2436 apud

334 2453 505 2544 Radingas·
512 2453 659 2530 fundato,
675 2477 750 2516 cum
763 2477 878 2538 magno
892 2453 1012 2517 honore
1028 2453 1224 2525 tumulatum
1238 2465 1297 2518 est.

376 2555 503 2618 Eodem
527 2579 603 2619 vero
626 2579 710 2618 anno
736 2556 794 2640 qui
819 2557 859 2618 ab
881 2555 1100 2619 incarnatione
1127 2555 1260 2618 Domini
1284 2555 1385 2618 nostri

334 2657 436 2721 Jhesu
463 2656 584 2720 Christi
614 2667 682 2720 erat
704 2657 753 2720 M.
765 2680 793 2720 c.
809 2680 913 2720 xxxv.
937 2680 1003 2721 non
1026 2657 1121 2740 longe
1145 2665 1219 2741 post
1249 2667 1385 2720 mortem

333 2760 495 2843 magnifici
531 2759 615 2843 regis
653 2758 800 2838 Henrici‚
837 2760 989 2823 successit
1016 2759 1050 2822 in
1086 2781 1222 2843 regnum
1255 2759 1382 2842 Angliae

334 2883 434 2944 nepos
457 2861 546 2923 illius
571 2859 754 2945 Stephanus
770 2883 875 2924 comes
900 2860 1066 2936 Boloniae3
1094 2860 1381 2945 annitentibusque

332 2961 496 3024 nonnullis
518 2962 610 3044 regni
633 2961 839 3046 primoribus,
869 2963 956 3046 apud
979 2961 1306 3026 Westmonasterium
1333 2963 1381 3028 xi.

332 3061 484 3126 kalendas
509 3063 655 3126 Januarii
677 3064 716 3127 ab
740 3063 980 3148 archipontifice
1008 3063 1191 3128 Cantuariae
1216 3064 1382 3128 Willelmo

331 3186 419 3227 sacra
442 3165 594 3228 unctione
620 3165 744 3243 linitus,
771 3165 860 3250 regio
886 3165 1064 3228 diademate
1080 3175 1260 3228 coronatur.
1306 3167 1382 3233 Quo

329 3265 364 3330 in
378 3289 477 3351 regno
491 3267 687 3345 confirmato,
705 3289 778 3330 cum
793 3290 858 3331 non
870 3269 989 3352 absque
999 3267 1162 3352 pestiferis
1177 3267 1381 3345 tumultibus,

330 3369 416 3430 unde
440 3391 527 3432 nunc
542 3369 696 3454 temporis
711 3392 957 3433 commemorare
981 3392 1046 3432 non
1070 3378 1129 3448 est,
1153 3369 1382 3433 dissidentibus

329 3469 415 3532 inter
438 3493 471 3533 se
492 3472 688 3554 proceribus,
704 3473 819 3556 patriae
838 3473 913 3556 jura
927 3471 1184 3556 disponerentur,
1200 3472 1286 3535 inter
1308 3471 1382 3534 reli-

331 3593 422 3656 quos,
445 3573 636 3654 quibusdam
660 3573 782 3636 obortis
812 3573 1041 3650 occasionibus
1072 3574 1262 3638 venerabilis
1284 3574 1382 3636 abbas

332 3671 522 3734 Warnerius
547 3675 668 3756 regiam
692 3675 887 3738 simultatem
908 3698 974 3738 non
995 3675 1072 3739 satis
1086 3675 1202 3739 idonea
1216 3675 1381 3738 incurrens

169 3785 309 3846 111111111-
331 3763 461 3850 offensa,
488 3774 559 3837 loco
582 3775 695 3838 cedere
720 3784 817 3860 quam
842 3775 1061 3861 indignatiori,
1085 3777 1221 3863 aliisque
1248 3777 1381 3862 quibus-

168 3847 299 3926 ffi'ffi’
330 3875 531 3939 damobortis
543 3877 692 3961 querelis,
706 3879 911 3941 succumbere
922 3879 1036 3942 utilius
1043 3879 1210 3965 judicavit.
1228 3879 1380 3963 Denique

167 3937 317 4034 1111ῗὲ111·
329 3999 395 4040 non
418 3977 521 4041 multo
544 3989 619 4062 post
644 3981 732 4064 apud
746 3981 1071 4045 Westmonasterium
1088 3992 1162 4044 ante
1179 3981 1296 4044 Natale
1312 3979 1381 4042 Do·

330 4077 420 4156 mini,
443 4082 644 4164 quorundam
673 4081 839 4159 instinctU,
866 4091 900 4144 et
915 4083 1048 4146 consilio
1071 4081 1212 4146 maxime
1234 4080 1379 4144 Alberici

330 4190 449 4243 sanctae
466 4181 622 4246 Romanae
639 4183 781 4247 ecclesiae
797 4183 905 4266 legati,
922 4185 980 4268 qui
1004 4195 1082 4248 tunc
1105 4185 1140 4246 in
1156 4183 1277 4266 Anglia
1299 4191 1377 4257 erat,

498 4381 505 4410 ¹
525 4379 566 4432 He
579 4381 630 4434 had
642 4384 745 4436 crossed
758 4403 817 4440 over
836 4396 863 4440 to
883 4388 1043 4460 Normandy,
1058 4409 1111 4446 111.
1125 4371 1201 4444 1131.
