3278 5162
338 521 402 586 102
615 532 786 585 maroam
811 531 1061 586 suunsmorus

335 684 565 771 perquisistis?
622 683 729 769 Super
750 683 849 750 fidem
877 694 912 748 et
941 694 1174 748 sacramentum
1203 682 1293 768 quod
1315 682 1397 746 mihi

335 787 471 864 debetis,
486 795 526 851 ut
539 785 644 850 veraci
657 787 718 850 hoc
740 786 821 850 mihi
846 785 1018 871 proferatis
1040 806 1186 849 sermone
1208 783 1397 870 praecipio.”

171 905 312 958 manuum·
335 889 519 974 Episcopus
533 911 624 953 vero:
641 891 664 922 “
681 887 787 973 Super
797 888 895 952 fidem
910 899 945 952 et
953 897 1188 952 sacramentum
1202 888 1291 971 quod
1304 887 1397 950 vobis

334 992 398 1055 feci
412 1002 451 1055 ut
465 989 680 1068 domino„has
694 989 820 1054 litteras
834 1013 894 1054 nec
913 1012 973 1075 per
993 1012 1057 1068 me,
1080 1011 1187 1073 neque
1212 1011 1271 1074 per
1295 987 1396 1068 alium

335 1093 515 1178 quemlibet
528 1115 581 1160 me
605 1092 738 1170 sciente,
751 1092 944 1156 excellentia
964 1102 1070 1155 vestra
1083 1090 1210 1155 noverit
1232 1097 1301 1154 esse
1323 1113 1398 1176 per-

335 1195 481 1280 quisitas.
525 1193 652 1260 Verum
671 1195 771 1260 abbas
795 1195 957 1278 quendam
971 1216 1016 1258 ex
1035 1193 1159 1258 clericis
1173 1193 1241 1257 suis
1256 1191 1397 1256 Romam

334 1319 439 1381 nuper
453 1297 597 1375 mittens,
618 1319 670 1360 me
685 1295 809 1360 ibidem
823 1297 859 1360 in
873 1297 963 1360 curia
983 1297 1132 1360 Romana
1144 1295 1286 1360 multum
1300 1293 1398 1358 nimi-

334 1421 456 1483 umque
485 1397 672 1464 diffamavit.
725 1397 798 1482 Ego
828 1407 938 1490 autem
968 1397 1006 1460 in
1034 1397 1091 1462 illa
1124 1397 1214 1460 curia
1244 1395 1395 1460 omnibus

333 1511 432 1564 notus
449 1523 532 1579 sum,
549 1509 583 1566 et
596 1501 690 1585 cujus
704 1499 882 1564 honestatis
896 1499 948 1562 vel
962 1498 1153 1563 moralitatis
1170 1499 1231 1563 sim
1245 1498 1396 1572 omnibus

334 1601 456 1666 ibidem
476 1601 754 1671 commanentibus
770 1600 860 1665 haud
879 1601 1082 1684 incognitum
1107 1612 1166 1666 est.
1212 1601 1276 1664 Per
1298 1599 1395 1663 illum

335 1703 422 1768 enim
435 1703 558 1769 ibidem
578 1727 631 1773 me
652 1704 801 1770 infamari
823 1703 1012 1788 inpossibile
1037 1714 1096 1768 est.
1141 1703 1296 1767 Fortuitu
1317 1724 1395 1786 ergo

252 1823 257 1832 '
290 1851 296 1863 -
333 1827 392 1888 per
405 1804 499 1870 illum
512 1804 637 1870 litteras
650 1804 722 1868 illas
737 1805 799 1868 sibi
815 1803 1041 1890 perquisitit.”
1086 1805 1180 1868 Tunc
1194 1827 1272 1869 rex:
1291 1809 1312 1839 “
1325 1804 1394 1867 Mi-

333 1928 406 1970 rum
428 1917 463 1970 et
486 1907 624 1972 nimium
647 1908 844 1994 stupendum
864 1907 1040 1984 videretur,
1066 1906 1217 1970 abbatem
1244 1906 1397 1970 videlicet

334 2018 446 2076 contra
459 2031 493 2074 se
518 2018 552 2072 et
570 2032 661 2074 suam
684 2009 849 2074 ecclesiam
863 2008 945 2086 haec,
961 2007 988 2072 si
1003 2009 1051 2071 ita
1063 2029 1114 2070 res
1128 2007 1238 2086 habet,
1263 2007 1397 2093 perqui-

205 2149 216 2177 ε
286 2159 296 2170 .
333 2133 404 2177 rere
417 2110 588 2176 voluisse.”
633 2110 697 2175 His
712 2111 919 2176 cancellarius
940 2109 1094 2195 subjecit:
1119 2109 1189 2174 “Si
1211 2109 1276 2172 alio
1299 2110 1397 2173 modo

210 2201 240 2228 ⁰¹⁶
334 2237 433 2299 quam
447 2238 467 2279 a
487 2215 589 2293 vobis,
609 2224 649 2278 ut
661 2213 715 2277 hio
729 2215 869 2278 relatum
896 2222 956 2292 est,
971 2213 1028 2276 has
1051 2211 1176 2276 litteras
1200 2212 1397 2297 perquisitas

332 2317 469 2401 probare
483 2315 624 2380 voluerit
639 2314 771 2380 dilectio
785 2325 901 2393 vestra,
917 2316 1016 2380 abbas
1031 2337 1072 2378 en
1094 2335 1236 2400 praesens
1258 2325 1318 2393 est,
1339 2315 1396 2378 lit-

332 2428 417 2481 teras
431 2417 466 2480 in
477 2440 576 2481 manu
589 2427 713 2483 tenens.
758 2417 924 2500 Legantur
938 2417 1068 2494 litterae,
1080 2417 1229 2481 videatur
1241 2439 1395 2500 quorsum

331 2518 461 2583 illarum
474 2529 585 2602 vergat
598 2519 750 2598 intentiO,
765 2519 876 2604 sicque
890 2520 939 2582 rei
953 2519 1071 2584 veritas
1086 2519 1379 2605 comprobabitur.''

375 2619 649 2708 Archiepiscopus
683 2617 792 2688 autem
825 2621 959 2686 audiens
988 2622 1175 2707 episcopum
1199 2621 1324 2684 litteras
1353 2621 1396 2684 ab

332 2723 445 2787 eodem
468 2726 663 2810 perquisitas
687 2746 792 2789 coram
819 2723 969 2788 omnibus
994 2725 1177 2809 denegasse,
1203 2723 1307 2786 sciens
1328 2745 1397 2786 om·

332 2824 387 2889 nia
410 2837 448 2889 ut
468 2839 569 2904 erant,
594 2837 629 2892 et
652 2827 741 2910 quod
764 2826 885 2896 litterae
911 2827 952 2890 ab
972 2827 1085 2890 eodem
1100 2827 1251 2911 episcopo
1265 2825 1397 2910 perqui-

334 2927 406 2990 sitae
420 2927 570 3005 fuissent,
586 2929 678 3012 signo
698 2928 802 2992 crucis
822 2947 891 3012 prae
913 2929 1014 2992 nimia
1039 2927 1251 2992 admiratione
1275 2949 1308 2990 se
1332 2927 1397 3011 sig-

205 3069 216 3096 e
257 3067 292 3096 m.
334 3029 433 3092 navit.
480 3029 573 3093 Tunc
595 3030 819 3094 cancellarius:
846 3035 866 3064 “
883 3029 961 3104 Non
975 3029 1082 3094 solum
1105 3030 1266 3093 duntaxat
1286 3029 1325 3092 de
1345 3029 1398 3092 his

172 3120 184 3148 ⁰
211 3120 242 3148 ‘³¹'
335 3129 454 3194 litteris
479 3131 628 3196 dominus
650 3142 760 3195 noster
781 3154 842 3195 rex
862 3131 1032 3196 veritatem
1051 3131 1131 3196 scire
1146 3130 1327 3218 proposuit,
1343 3153 1398 3194 ve-

336 3232 507 3296 rumetiam
527 3233 555 3296 si
577 3233 654 3298 alias
681 3233 842 3317 quaslibet
859 3232 985 3297 litteras
998 3255 1065 3310 vos,
1081 3243 1140 3296 aut
1161 3233 1261 3297 alium
1284 3256 1398 3318 quem-

336 3334 419 3398 libet
432 3357 491 3419 per
501 3357 567 3414 voe,
583 3335 618 3399 in
632 3356 772 3420 praesens
783 3336 834 3399 vel
844 3335 1053 3420 inposterum
1062 3335 1171 3398 abbati
1186 3346 1244 3400 aut
1255 3335 1398 3400 ecclesiae

338 3437 378 3500 de
395 3436 487 3501 Bello
502 3438 630 3502 nocivas
643 3439 799 3502 noveritis
820 3437 1010 3523 possedisse,
1034 3447 1073 3501 ut
1094 3437 1130 3501 in
1151 3439 1296 3502 medium
1321 3461 1396 3524 pro-

338 3537 450 3601 feratis
478 3539 666 3624 praecepit.''
725 3539 908 3624 Episcopus
936 3561 1012 3604 vero
1037 3561 1144 3622 neque
1173 3539 1298 3604 litteras
1323 3541 1396 3606 illas

338 3649 524 3723 praesentes,
539 3663 598 3703 nec
613 3640 691 3707 alias
707 3641 871 3724 quaslibet
889 3640 959 3726 ipse
978 3639 1030 3704 vel
1055 3641 1137 3704 alius
1161 3641 1317 3725 quislibet
1338 3666 1398 3727 per
1488 3687 1492 3692 -

338 3741 457 3826 ipsum,
473 3741 584 3805 abbati
598 3743 650 3806 vel
664 3743 807 3806 ecclesiae
824 3743 863 3806 de
888 3742 983 3806 Bello
997 3755 1076 3808 tunc
1099 3754 1158 3807 aut
1180 3743 1215 3806 in
1229 3755 1395 3830 posterum

337 3843 466 3907 nocivas
487 3845 700 3930 jurejurando
720 3844 910 3922 affirmabat,
936 3845 1127 3909 mirantibus
1157 3847 1317 3924 omnibus,
1341 3845 1396 3910 ha-

337 3945 460 4012 baisse.

211 4085 222 4113 ο
285 4095 293 4107 .
383 4046 446 4111 His
460 4046 519 4110 tali
533 4047 747 4110 modocoram
761 4047 891 4111 domino
904 4071 979 4132 rege
993 4048 1124 4122 habitis,
1139 4048 1397 4137 archiepiscopus

191 4136 209 4163 ¹⁸
224 4136 236 4164 ⁰
253 4151 258 4164 '
340 4147 524 4214 Cantuariae
539 4149 608 4234 regi
628 4150 732 4213 dixit:
771 4153 793 4184 “
810 4149 984 4236 Praecipiat
997 4151 1191 4216 excellentia
1213 4164 1319 4218 vestra
1338 4176 1397 4218 nos

338 4272 436 4335 super
457 4252 508 4315 his
535 4252 614 4338 quid
640 4252 824 4316 faciendum
852 4253 896 4317 sit
928 4254 1062 4318 consilio
1086 4264 1270 4335 retractare,
1296 4266 1395 4340 atque

339 4352 450 4418 ordine
461 4353 635 4438 judiciario
649 4354 892 4422 consuetudinis
906 4356 1130 4421 ecclesiasticae
1151 4356 1396 4424 determinare.”
