3278 5162
546 557 783 620 norssranrr'
796 555 846 620 nn·
870 556 997 619 annno.
1235 544 1303 618 ‘103

242 703 265 748 ‘³
275 710 354 777 Non
361 712 438 792 ita,''
448 714 557 800 inquit
564 738 637 794 rex,
648 720 657 750 ‘
661 715 747 780 ‘haec
754 738 813 802 per
821 738 877 781 vos
887 715 1092 781 determinari
1103 716 1302 802 praecipiam,
1315 745 1361 785 rsa
1370 745 1435 797 mna

240 836 354 878 verum
368 835 428 899 ego
453 817 545 880 vobis
565 817 805 898 comitantibus,
822 817 955 882 consilio
981 840 1079 903 super
1104 817 1155 882 his
1178 817 1303 900 habito,

240 916 410 981 1111010010
425 918 645 984 concludam.”
689 919 773 984 Haec
789 919 898 984 dicens
919 921 1073 998 surrexit,
1095 929 1130 984 et
1151 919 1187 984 in
1212 921 1303 986 cimi-

243 1019 363 1082 terium
376 1019 616 1100 monachorum,
632 1021 782 1086 omnibus
801 1043 911 1088 secum
930 1032 1050 1106 praeter
1063 1021 1254 1108 episcopum
1269 1031 1304 1088 et

241 1120 393 1184 abbatem
415 1121 655 1200 comitantibus,
680 1124 822 1188 secessit.
869 1123 1016 1188 Consilio
1037 1123 1139 1208 igitur
1160 1146 1303 1189 commu-

241 1221 360 1300 nicato,
374 1222 464 1287 misit
485 1245 547 1286 rex
570 1246 630 1309 pro
645 1223 807 1310 episcopo.
853 1223 923 1292 Qui
947 1223 1080 1289 veniens
1105 1234 1204 1309 atque
1228 1248 1303 1291 cum

240 1321 311 1386 aliis
324 1322 477 1403 residens,
491 1325 604 1390 multis
618 1348 716 1411 super
729 1325 781 1391 his
797 1347 871 1390 cum
885 1327 999 1390 eodem
1008 1325 1141 1406 habitis,
1157 1327 1303 1391 tandem·

241 1445 304 1508 que
319 1426 458 1489 termino
472 1426 562 1490 finali
577 1428 746 1508 conclusis,
761 1451 837 1512 rege
851 1428 1073 1513 praecipiente,
1084 1426 1249 1492 Henricus
1263 1429 1303 1492 de

240 1525 379 1591 Essexia
392 1528 543 1592 abbatem
559 1552 633 1594 cum
653 1529 820 1594 monachis
842 1529 908 1593 suis
934 1528 1083 1593 adduxit.
1130 1528 1207 1596 Quo
1230 1552 1303 1592 cum

239 1630 311 1694 aliis
325 1631 499 1709 residente,
513 1654 589 1716 rege
603 1633 772 1711 innuente,
789 1631 959 1717 episcopus
979 1632 1129 1696 omnibus
1144 1631 1304 1696 audienti-

240 1731 302 1795 bus
323 1733 369 1797 sic
382 1733 511 1798 locutus
529 1745 597 1800 est:
625 1735 732 1820 “Ego
749 1733 958 1799 Cicestrensis
971 1735 1094 1820 praesul
1108 1735 1263 1814 ecclesiae,
1284 1757 1448 1820 0110110100

240 1855 301 1896 rex
327 1835 610 1917 excellentissime,
641 1837 809 1902 ecclesiam
847 1838 887 1902 de
920 1836 1015 1902 Bello
1047 1836 1131 1902 01001
1166 1846 1304 1902 vestram
1315 1810 1432 1908 'ffllffl

242 1935 435 2000 dominicam
450 1949 484 2002 et
497 1939 661 2024 propriam
675 1938 841 2024 capellam,
856 1938 892 2002 in
915 1961 989 2022 qua,
1013 1947 1048 2000 01
1073 1961 1170 2024 super
1194 1961 1303 2022 quam,

240 2036 288 2099 nil
306 2037 391 2122 juris
405 2038 523 2103 habere
538 2041 628 2125 juste
642 2062 775 2124 possmn
789 2039 841 2104 vel
855 2039 969 2117 debeo,
985 2038 1026 2102 ab
1041 2039 1191 2103 omnibus
1205 2041 1303 2104 rebus

240 2139 292 2202 vel
318 2140 509 2226 calumpniis
533 2163 553 2204 a
577 2163 629 2205 me
652 2141 702 2204 illi
725 2141 882 2206 hactenus
908 2139 1076 2225 oppositis,
1099 2141 1244 2225 quietam
1270 2151 1304 2206 et

241 2241 372 2304 omnino
396 2241 498 2305 clamo
521 2241 667 2307 liberam.
713 2242 880 2306 Abbatem
905 2241 1004 2305 etiam
1028 2241 1195 2306 absolvens
1218 2242 1304 2307 sicut

239 2342 334 2406 illum
348 2343 401 2407 cui
415 2343 580 2408 vinculum
594 2345 807 2409 anathematis
828 2345 952 2432 injuste
975 2343 1116 2430 inposui,
1142 2343 1220 2428 quia
1240 2367 1301 2410 nec

200 2507 203 2513 .
239 2444 333 2528 potui
344 2445 433 2530 juste
447 2467 506 2508 nec
522 2445 633 2524 debui,
655 2468 674 2510 a
698 2469 764 2530 quo
788 2446 898 2524 etiam,
923 2447 1082 2531 dignitate
1104 2455 1212 2509 suaet
1233 2468 1302 2511 suae

239 2545 383 2610 ecclesiae
397 2547 615 2630 praecellente,
630 2547 678 2609 nil
692 2547 755 2610 nisi
769 2547 1007 2612 interveniente
1032 2547 1176 2612 caritatis
1199 2549 1304 2630 gratia

241 2648 330 2732 exigi
343 2648 488 2732 potuisse
505 2649 557 2712 vel
571 2648 721 2712 debuisse
735 2671 787 2712 me
802 2658 975 2733 protestor,
990 2659 1090 2732 atque
1105 2647 1192 2710 adie
1208 2648 1303 2712 hodi·

242 2773 319 2814 erno
336 2749 371 2813 in
382 2759 579 2836 perpetuum
593 2751 634 2814 ab
650 2750 800 2814 omnibus
817 2749 1054 2834 episcopalibus
1076 2748 1302 2813 exactionibus

239 2863 273 2917 01
295 2852 583 2917 consuetudinibus
606 2852 705 2918 simili
725 2853 822 2916 modo
845 2851 1008 2937 proclamo
1033 2850 1203 2914 liberum.”
1247 2850 1303 2915 Ad

241 2955 312 3019 haec
329 2976 410 3019 rex:
437 2960 459 2991 “
476 2955 555 3018 Non
569 2964 698 3020 0000100
714 2955 771 3019 sed
784 2953 965 3018 voluntarie
985 2953 1046 3017 hoc
1073 2963 1105 3016 te
1129 2952 1244 3016 fecisse
1268 2962 1302 3016 et
1313 2969 1434 3062 paupfflovn

239 3056 413 3142 protulisse
429 3066 578 3121 constans
592 3057 672 3121 est.”
694 3056 894 3142 Episcopus:
925 3054 1085 3120 “Verum
1100 3064 1159 3132 est,
1174 3077 1225 3118 me
1240 3055 1302 3120 hoc
1407 3048 1413 3061 ’

239 3159 419 3222 voluntarie
431 3161 521 3244 justa
540 3159 666 3222 ratione
690 3168 826 3242 cogente
849 3157 963 3222 fecisse
986 3179 1114 3222 necnon
1140 3167 1174 3220 et
1188 3167 1301 3240 protu-

237 3261 344 3324 lisse.”
360 3259 454 3324 Tunc
464 3259 740 3344 archiepiscopus:
757 3263 777 3294 “
790 3259 811 3322 J
812 3270 895 3338 usta,
908 3259 1036 3322 domine
1051 3279 1122 3335 rex,
1133 3258 1185 3321 his
1196 3259 1302 3322 deter·
1313 3286 1427 3348 mssa.

238 3361 415 3425 minatione
440 3361 611 3439 conclusis,
627 3383 738 3424 omnes
761 3371 900 3425 vestram
923 3381 989 3423 una
1005 3361 1213 3444 deprecamur
1238 3337 1462 3446 010-1111111111ωιι

237 3464 402 3543 mentiam,
419 3463 574 3548 quatinus
599 3463 627 3526 si
650 3485 716 3547 qua
734 3472 846 3526 contra
858 3471 973 3527 vestrae
989 3461 1189 3526 celsitudinis
1212 3461 1302 3525 inde·
1313 3437 1448 3577 {¹511}de

236 3567 307 3631 bita
318 3567 519 3651 dignitatem,
529 3565 718 3651 inprudenti
727 3565 857 3630 videtur
870 3565 1040 3650 episcopus
1054 3563 1227 3648 protulisse
1236 3587 1301 3628 ser·
1313 3591 1336 3627 a
1344 3537 1460 3628 11111111ιω

237 3691 344 3748 mone,
368 3669 463 3734 nobis
491 3668 713 3753 flagitantibus
741 3668 830 3752 pacis
859 3666 969 3732 osculo
995 3664 1166 3750 praelibato
1195 3637 1374 3731 vassall·

236 3771 405 3855 indulgere
427 3771 478 3834 illi
501 3771 654 3855 dignetur
679 3769 882 3834 clementia.”
927 3772 948 3802 “
969 3767 1046 3831 Non
1072 3767 1209 3847 solum,”
1239 3791 1300 3832 rex

237 3871 357 3955 inquit,
370 3877 392 3908 “
408 3872 505 3936 semel
520 3873 744 3936 tantummodo
758 3873 847 3958 pacis
862 3871 1021 3948 osculum,
1037 3870 1094 3932 sed
1117 3870 1225 3933 omnia
1249 3869 1300 3932 illi

237 3973 265 4036 si
281 3995 346 4056 qua
360 3983 436 4037 sunt
454 3973 636 4058 indulgens,
653 3974 775 4038 centies
788 3973 903 4038 vestris
917 3971 1069 4057 precibus
1083 3980 1181 4053 atque
1196 3969 1300 4054 ipsius

236 4075 410 4139 dilectione
425 4075 530 4138 flexus
544 4075 716 4139 tribuam.‘’
745 4074 993 4158 Assurgensque
1015 4081 1113 4156 atque
1129 4071 1299 4155 amplexus

237 4178 425 4262 episcopum
455 4176 658 4240 deosculatus
688 4185 747 4239 est.
819 4174 1112 4260 Archiepiscopus:
1152 4177 1174 4207 “
1201 4171 1299 4236 Nunc
1311 4199 1445 4250 11010100

236 4279 339 4364 igitur
362 4280 532 4365 episcopus
558 4287 593 4341 et
615 4279 714 4341 abbas
737 4285 777 4340 ut
800 4276 894 4340 amici
919 4299 953 4340 se
975 4273 1189 4340 deosculando
1210 4274 1300 4361 pacis
1312 4248 1433 4338 'dicim‘

238 4381 344 4446 foedus
359 4383 445 4446 inter
458 4404 491 4445 se
507 4389 615 4448 vestra
627 4379 869 4444 confirmatione
885 4379 1074 4457 retinentes,
1086 4377 1120 4441 in
1135 4388 1302 4463 posterum
1313 4349 1404 4396 “md'‘
