3260 5172
537 565 830 647 MONASTnRsspu
856 565 981 614 BELLO.
1239 545 1280 606 23

227 733 314 776 sacra
327 714 479 778 unctione
494 715 607 780 linitus
622 726 802 794 coronatur,
813 715 915 778 electo
930 715 970 777 ad
983 709 1280 796 archipraesulatum

228 813 412 879 Cantuariae
429 814 586 898 Stigando
607 817 676 900 regi
698 817 854 880 contraire
882 815 1019 879 conanti.

271 916 349 980 Rex
364 917 475 1001 itaque
490 917 616 981 collatae
631 917 691 984 sibi
707 918 819 1002 gratiae
834 939 899 980 non
914 918 1068 1002 ingratus,
1083 935 1205 978 memor
1216 911 1281 976 fuit
1293 933 1442 1022 ppppffi

228 1017 293 1080 Dei
312 1019 397 1082 etin
420 1019 506 1082 bono
532 1020 698 1104 proposito
716 1021 893 1084 delectatus
917 1031 975 1099 est,
992 1041 1153 1104 opereque
1169 1025 1280 1080 votum
1293 1033 1398 1074 monstier.

226 1119 366 1202 gestiens
380 1121 584 1205 praelibatum
611 1123 746 1199 efficere,
770 1122 805 1187 in
824 1122 979 1206 praedicto
1003 1120 1183 1185 certaminis
1208 1119 1280 1181 loco

228 1227 327 1284 tantae
342 1221 485 1286 victoriae
498 1223 692 1308 condignum
706 1224 863 1308 praecepit
876 1223 1024 1287 fabricari
1039 1221 1278 1286 monasterium.

227 1322 274 1386 Et
283 1324 450 1408 quiaillud
463 1325 497 1388 in
512 1325 665 1390 honorem
674 1337 793 1390 sanctae
805 1327 985 1406 Trinitatis,
996 1327 1142 1390 etbeatae
1152 1324 1280 1401 Mariae,

226 1448 351 1490 necnon
366 1437 399 1492 et
413 1429 500 1492 beati
519 1429 656 1492 Martini
671 1429 861 1492 confessoris
883 1428 1014 1504 Christi,
1036 1437 1186 1490 sanxerat
1206 1449 1281 1488 con·

226 1530 422 1607 secrandum,
451 1530 595 1614 ejusdem
625 1530 727 1593 sancti
754 1529 892 1592 Martini
922 1529 1078 1612 quosdam
1105 1527 1220 1590 accivit
1239 1527 1279 1588 de

228 1629 346 1716 Majori
367 1631 567 1695 Monasterio
593 1631 765 1694 monachos
788 1631 845 1714 qui
875 1630 965 1714 operi
996 1639 1182 1712 praeessent,
1206 1627 1281 1690 reli-

224 1731 393 1816 gionisque
408 1733 603 1796 monachicae
621 1733 831 1796 fundamenta
845 1733 1009 1817 jacerent3
1030 1741 1069 1794 ut
1089 1729 1186 1793 simul
1207 1751 1279 1792 cum

226 1832 368 1897 ecclesiae
383 1834 514 1912 fabrica,
540 1833 705 1919 religionis
736 1835 856 1899 ibidem
882 1857 994 1899 norma
1013 1833 1194 1918 proficeret,
1220 1831 1281 1894 eis-

226 1957 289 2018 que
323 1935 364 1998 ad
395 1959 476 2018 opus
506 1936 758 2014 accelerandum,
793 1937 1004 2020 pecuniarum
1035 1957 1192 2020 expensas
1222 1958 1281 2019 pro

165 2101 168 2106 ,
227 2035 328 2098 nihilo
361 2036 490 2114 ducens,
517 2037 715 2101 thesauraria
749 2060 806 2100 sua
832 2038 929 2122 pandi
964 2038 1102 2100 faciebat
1131 2036 1281 2119 quotiens

228 2137 413 2200 voluissent.
460 2138 526 2201 Sed
544 2139 604 2202 filii
631 2140 728 2203 alieni
755 2162 820 2203 non
843 2149 908 2203 tam
923 2139 1027 2202 Jhesu
1043 2139 1164 2202 Christi
1186 2161 1282 2222 quam

228 2263 302 2323 quae
323 2263 381 2304 sua
403 2251 479 2302 sunt
502 2252 696 2326 quaerentes,
721 2242 939 2326 negligentius
965 2241 1055 2326 operi
1080 2241 1279 2304 insistebant.

225 2340 380 2404 Ecclesiae
410 2342 511 2424 igitur
545 2353 706 2407 structura
738 2345 840 2408 indies
870 2345 1069 2428 proficiente,
1104 2365 1176 2406 cmn
1211 2366 1281 2406 eam

225 2443 358 2506 devotus
378 2465 438 2506 rex
460 2445 582 2529 magnis
603 2445 719 2529 opibus
740 2456 773 2509 et
794 2447 892 2530 regiis
914 2437 1126 2530 dignitatibus
1146 2445 1279 2508 mirifice

226 2545 326 2608 ditare
351 2546 546 2629 disponeret,
565 2569 603 2608 eo
623 2548 710 2630 quod
732 2547 853 2610 ibidem
879 2545 1035 2610 Tonantis
1055 2547 1159 2630 gratia
1177 2547 1280 2610 victo-

221 2639 303 2710 riam
332 2661 366 2710 et
392 2669 528 2731 regnum
555 2647 616 2711 sibi
646 2647 777 2732 suisque
807 2648 981 2712 heredibus
1009 2649 1212 2725 obtinuisset,
1239 2649 1280 2711 ob

224 2749 365 2812 victoriae
389 2751 533 2833 ejusdem
553 2749 737 2813 memoriam
755 2752 1020 2835 perpetuandam,
1043 2751 1149 2835 ipsum
1172 2750 1278 2812 locum

229 2851 357 2914 Bellum
379 2852 533 2937 appellari
556 2851 680 2928 voluit;
700 2853 880 2938 statuitque
901 2863 1095 2916 conventum
1113 2854 1153 2916 ad
1170 2853 1276 2916 minus

228 2953 274 3017 lx.
302 2955 530 3018 monachorum
552 2954 673 3018 ibidem
704 2957 910 3040 congregari3
934 2979 1117 3040 proponens
1144 2957 1277 3020 eandem

226 3056 390 3120 ecclesiam
410 3079 483 3120 cum
503 3057 642 3120 dedicari
660 3057 780 3120 laceret
795 3057 829 3122 in
850 3067 976 3121 tantum
1003 3058 1116 3136 ditare,
1144 3068 1182 3120 ut
1204 3081 1279 3121 con-

225 3168 339 3221 ventus
370 3159 513 3242 ejusdem
545 3159 631 3221 omni
661 3168 805 3242 tempore
843 3181 977 3221 numero
1016 3160 1133 3242 septies
1165 3159 1279 3241 viginti

224 3259 452 3322 monachorum
486 3259 652 3322 existeret.
724 3260 825 3322 “Sed
859 3259 956 3322 homo
992 3261 1155 3343 proponit,
1188 3259 1279 3323 Deus

225 3371 334 3423 autem
355 3359 529 3444 disponit.'’
574 3361 659 3423 Nam
681 3359 714 3423 id
740 3361 904 3444 perficere,
928 3360 1010 3444 proh
1032 3361 1140 3422 dolor!
1164 3371 1279 3436 morte,

225 3485 299 3547 quae
322 3462 390 3546 regi
413 3485 507 3547 aeque
523 3463 660 3546 imperat
682 3473 720 3526 ut
742 3461 900 3538 mendico,
923 3472 1106 3546 praeventus
1122 3463 1277 3546 nequivit.

225 3564 347 3628 Tamen
384 3586 451 3628 suae
486 3561 667 3629 dilectionis
701 3564 887 3627 memoriam
914 3564 980 3628 suis
1012 3563 1175 3627 monachis
1204 3565 1279 3628 reli-

224 3668 306 3750 quit,
330 3669 529 3731 constituens
551 3667 586 3730 in
607 3667 712 3752 primo
734 3665 897 3730 monachis
913 3666 1057 3751 ejusdem
1079 3667 1222 3731 ecclesiae
1238 3669 1278 3731 ad

224 3768 399 3832 cotidianos
424 3791 502 3832 usus
530 3791 647 3854 panem
670 3769 767 3853 regiae
792 3791 911 3832 mensae
945 3779 1068 3853 aptum,
1100 3771 1157 3854 qui
1180 3771 1281 3833 Sime-

224 3869 276 3932 πεί
304 3871 402 3953 vulgo
427 3882 568 3948 vocatur,
598 3871 714 3935 habere
737 3871 877 3955 pondere
903 3870 951 3934 lx.
975 3871 1173 3946 solidorum,¹
1195 3881 1228 3934 et
1242 3873 1276 3935 in

225 3971 477 4054 Quadragesima
496 3973 536 4036 de
557 3973 720 4056 quartario
751 3974 915 4058 majorem,
940 3982 978 4034 ut
997 3972 1180 4035 elemosinae
1205 3994 1284 4056 pars-

223 4073 283 4136 sibi
307 4073 444 4136 cederet.
492 4073 579 4137 Huic
594 4098 670 4159 ergo
692 4074 835 4138 ecclesiae
857 4073 959 4136 sancti
978 4073 1114 4137 Martini
1134 4075 1173 4139 de
1184 4073 1277 4139 Bello

224 4176 305 4239 hanc
331 4176 477 4260 inprimis
499 4176 600 4259 regali
626 4177 817 4240 auctoritate
849 4175 1039 4257 dignitatem
1068 4177 1223 4241 concessit
1245 4189 1279 4241 et

482 4362 489 4390 ¹
509 4351 530 4404 1.
541 4355 653 4406 e.3doz.
691 4351 738 4404 See
751 4350 833 4416 Fleta,
852 4350 879 4404 ii.
903 4353 919 4403 9
938 4350 1018 4404 &la
