3260 5172
528 601 750 652 MONASTERII
776 601 824 651 DE
849 600 974 650 Burro.
1266 586 1284 646 5

227 760 359 814 necatur
383 751 517 815 inermis
541 775 576 814 ac
601 753 700 836 pedes
723 751 839 815 misera
861 774 939 836 gens
970 749 1119 835 Anglica,
1143 773 1284 835 regeque

227 874 286 914 suo
315 853 395 915 belli
424 853 563 916 fortuito
587 853 656 916 ictu
680 862 852 938 prostrato,
886 852 1099 938 perdiversa
1125 852 1284 917 dissiliens

225 953 364 1019 latebras
389 955 518 1039 quaerit.
563 955 746 1018 Innumeris
761 955 872 1039 itaque
886 955 920 1018 in
936 976 1047 1039 campo
1061 955 1112 1018 vel
1125 955 1234 1039 potius
1249 956 1284 1020 in

180 1089 182 1095 ·
226 1055 305 1138 fuga
327 1057 504 1140 prostratis,
530 1057 631 1121 oculis
663 1067 852 1120 cunctorum
875 1079 1025 1141 suprema
1043 1059 1176 1142 patebat
1201 1058 1283 1122 cala·

228 1157 334 1222 mites.
380 1157 549 1242 Siquidem
564 1169 597 1222 et
611 1160 697 1222 inter
705 1159 838 1223 hostiles
852 1158 975 1244 gladios
983 1159 1165 1223 miserabile
1181 1162 1283 1244 quod-

228 1259 310 1338 dam,
326 1259 360 1322 in
382 1261 533 1346 proximo
556 1262 695 1347 spatiose
721 1271 920 1346 protentum,
945 1283 989 1325 ex
1002 1261 1142 1326 naturali
1157 1262 1283 1328 telluris

226 1361 317 1424 hiatu
331 1363 382 1426 vel
396 1363 504 1427 forsan
519 1387 561 1428 ex
578 1365 792 1450 procellarum
811 1362 1048 1441 concavatione,
1062 1363 1282 1448 praecipitium

225 1475 311 1527 vaste
331 1470 469 1548 patens,1
493 1465 571 1529 licet
585 1466 635 1530 uti
650 1466 685 1528 in
699 1465 849 1529 vastitate
865 1463 971 1528 dumis
985 1464 1037 1527 vel
1052 1464 1182 1528 tribulis
1197 1466 1282 1529 obsi-

225 1572 304 1642 tum,
329 1565 431 1629 oculis
460 1566 568 1631 minus
597 1559 842 1652 praevideretur,
870 1566 1056 1630 innumeros
1081 1576 1116 1629 et
1140 1567 1281 1630 maxime

224 1665 486 1731 Normannorum
515 1667 641 1752 Anglos
666 1667 943 1754 persequentium,
973 1667 1151 1732 suffocavit.
1196 1667 1281 1732 Nam

223 1769 300 1832 dum
324 1769 417 1833 inscii
432 1793 506 1833 cum
521 1770 648 1855 impetu
663 1769 839 1834 dissilirent
853 1769 976 1834 ibidem
990 1769 1025 1832 in
1039 1792 1182 1855 praeceps
1205 1771 1280 1850 acti,

223 1871 376 1935 flebiliter
405 1873 536 1936 contriti
564 1874 773 1936 necabantur.
829 1872 929 1938 Quod
949 1872 1081 1956 quidem
1104 1874 1279 1952 baratrum,

224 1973 338 2036 sortito
364 1995 407 2036 ex
432 1973 589 2037 accidenti
612 1973 780 2051 vocabulo,
808 1973 982 2036 Malfosse²
1011 1974 1173 2062 hodieque
1197 1997 1281 2038 nun-

223 2084 370 2158 cupatur.

269 2176 339 2240 Has
363 2177 448 2241 inter
470 2175 614 2242 miserias
637 2179 774 2262 lugubre
798 2181 931 2263 patebat
956 2178 1185 2267 spectaculum,
1208 2202 1282 2243 arva
1293 2201 1338 2240 rte
1349 2201 1443 2260 apthoru

224 2279 431 2342 cadaveribus
456 2281 586 2365 operiri,
609 2303 667 2344 nec
691 2280 726 2344 in
748 2281 856 2364 girum
879 2281 1049 2344 obtutibus
1073 2281 1162 2345 aliud
1184 2305 1281 2368 quam
1293 2251 1443 2342 tlllllldl‘

224 2381 388 2465 sanguinis
416 2385 567 2448 ruborem
595 2383 712 2448 offerri.
769 2383 939 2448 Convalles
964 2383 1109 2470 undique
1136 2384 1282 2450 defluens

224 2485 345 2548 cruoris
368 2485 455 2549 rivus
483 2487 624 2572 replesse
651 2487 692 2552 ad
714 2487 815 2576 instar
840 2486 931 2550 fluvii
957 2487 1072 2572 procul
1099 2487 1280 2552 videbatur.

226 2587 357 2654 Quanta
381 2599 476 2674 putas
494 2588 561 2652 illic
584 2598 662 2652 tunc
686 2599 808 2672 strages
832 2589 917 2652 facta
940 2598 990 2652 est
1015 2589 1054 2652 de
1080 2589 1183 2668 victis,
1207 2613 1281 2654 cum

224 2689 318 2753 etde
344 2689 520 2754 victoribus
545 2693 656 2755 decem
682 2691 784 2756 millia
808 2691 844 2754 in
869 2691 970 2768 brevi,
996 2700 1034 2754 ut
1061 2691 1175 2768 fertur,
1205 2716 1280 2777 sup-

223 2790 425 2874 putationem
444 2793 649 2882 vexcesserit?
694 2792 724 2856 Ο
749 2802 871 2877 quanta
895 2793 1029 2856 humani
1052 2793 1174 2856 cruoris
1196 2793 1279 2857 inibi

224 2893 324 2956 effusa
339 2904 387 2957 est
401 2896 497 2972 unda,
508 2896 567 2959 ubi
581 2895 774 2960 infortunati
789 2918 855 2959 non
867 2905 994 2959 tantum
1007 2895 1210 2974 labebantur,
1223 2897 1279 2960 sed

222 3003 255 3057 et
269 2996 485 3062 necabantur!
511 2997 663 3064 Quantus
685 3019 847 3061 armorum
864 2997 982 3081 fragor,
998 3008 1139 3081 quantus
1154 2999 1279 3062 ictuum

223 3096 349 3176 stridor,
366 3108 507 3183 quantus
521 3099 729 3165 morientium
744 3099 873 3178 clamor,
885 3109 1027 3186 quantus
1041 3099 1142 3176 dolor,
1159 3109 1280 3184 quanta

222 3199 369 3282 suspiria,
396 3209 477 3283 quot
497 3202 648 3284 gemitus,
675 3211 756 3286 quot
780 3221 940 3285 supremae
976 3201 1166 3264 calamitatis
1200 3201 1279 3264 dirae

222 3322 315 3362 voces
330 3311 578 3385 personuerunt,
595 3303 690 3386 digne
706 3303 779 3385 quis
794 3302 985 3365 aestimabit!
1019 3301 1107 3366 Vere
1122 3303 1281 3385 stupenda

221 3401 415 3486 proponitur
441 3425 477 3466 ac
501 3403 649 3465 deflenda
672 3402 873 3465 infelicitatis
899 3402 1050 3465 humanae
1075 3401 1191 3465 misera
1205 3426 1279 3466 con-

222 3503 312 3567 ditio.
338 3502 379 3566 In
393 3503 510 3567 horum
525 3527 601 3587 ergo
616 3503 887 3589 contemplatione
902 3505 1131 3567 succumbente
1147 3504 1278 3585 calam0,

221 3608 482 3692 subjungendum
502 3608 571 3692 jam
588 3606 727 3684 videtur,
751 3607 838 3690 quod
853 3607 982 3670 tandem
996 3605 1089 3670 finito
1105 3607 1278 3672 certamine

222 3707 253 3770 N
257 3709 416 3772 ormannis
431 3707 553 3793 Anglia
567 3708 663 3774 cessit
677 3731 751 3784 cum
766 3707 940 3793 triumpho.
986 3707 1164 3792 Designato
1178 3709 1278 3794 igitur

221 3809 291 3874 loco
307 3833 372 3896 quo
386 3810 512 3874 hostilis
528 3811 707 3875 temerariae
723 3810 896 3874 invasionis
911 3809 1030 3874 cecidit
1044 3809 1182 3894 signum,
1207 3813 1277 3875 dux

221 3912 357 3976 ulterius
380 3935 515 3997 propere
541 3913 760 3997 progrediens,
784 3931 1000 3996 quaecumque
1033 3910 1120 4003 adire
1149 3912 1277 3976 valebat

220 4037 278 4078 suo
290 4014 359 4100 juri
370 4015 545 4100 mancipari
560 4015 746 4078 festinabat.
793 4015 937 4078 Tandem
952 4035 1028 4096 ergo
1044 4013 1084 4076 ad
1098 4013 1190 4096 regni
1209 4037 1275 4076 me-

220 4116 370 4201 tropolim
385 4117 573 4202 perveniens
588 4116 803 4194 Lundoniam,
827 4115 1026 4198 rationisque
1047 4136 1083 4177 ac
1098 4114 1186 4199 pacis
1200 4137 1275 4178 con-

256 4308 265 4341 ¹
284 4300 333 4361 See
346 4308 427 4360 Gesta
447 4306 573 4360 Gulielmi
594 4305 676 4358 Ducis
698 4306 725 4358 iu
809 4305 820 4338 ²
842 4305 940 4376 Molfos
964 4305 1013 4371 scd,
1032 4303 1090 4359 MS.
1129 4303 1275 4374 Maffossed,

221 4377 383 4430 Duchesne's
395 4377 488 4446 Script.
507 4375 603 4428 Norm.
619 4393 645 4446 p.
656 4377 723 4439 202;
775 4375 861 4445 Dugd.

219 4447 394 4504 andWilliam
402 4447 432 4498 ol
440 4445 723 4515 Malmesbury,p.4l6.
