3240 5154
330 525 401 594 194
745 544 940 594 mensorii,

329 717 389 779 per
415 695 633 779 presidentem
657 695 786 780 collegii
814 707 954 759 stantem
984 693 1169 777 incipiatur,
1204 692 1270 754 alta
1295 713 1385 768 voce,

335 798 413 860 Veni
433 797 575 875 Creator,
599 811 634 861 et
660 821 734 862 cum
756 797 994 882 genuflectione
1017 794 1260 877 respondentur,
1284 804 1319 855 et
1339 793 1386 855 sic

328 898 565 982 genuflectatur
579 900 739 983 usquead
752 899 851 961 finem
870 907 905 960 et
925 897 1051 960 dicatur
1066 895 1219 958 Collecta.
1255 894 1386 972 Deinde

329 1001 455 1085 legatur
480 1002 671 1065 constitutio
689 999 775 1070 Quia
790 1010 935 1085 propter.
967 998 1047 1061 Post
1064 999 1135 1060 haec
1158 1009 1315 1060 tractatur
1327 1021 1388 1081 per

330 1125 428 1187 quam
442 1103 527 1167 viam
541 1115 590 1168 est
603 1103 864 1189 procedendum,
894 1113 929 1164 et
941 1100 996 1163 ille
1011 1100 1147 1162 clericus
1161 1099 1311 1162 secularis
1325 1100 1386 1183 qui

330 1203 415 1287 regit
434 1204 637 1283 electionem,
664 1204 783 1268 habeat
804 1205 914 1288 aliqua
933 1205 1030 1266 verba
1049 1202 1291 1266 commonitoria
1311 1225 1388 1286 pro-

332 1327 451 1389 ponere
470 1306 505 1368 in
523 1317 684 1370 conventu
707 1307 795 1390 quod
809 1306 925 1369 fratres
947 1305 1151 1368 consentiant
1164 1305 1226 1366 via}
1240 1327 1389 1388 compro-

234 1390 240 1401 ’
331 1407 432 1487 missi,
454 1410 532 1492 quia
547 1408 604 1471 illa
625 1421 674 1472 est
693 1410 864 1486 tutissima,
881 1431 992 1472 omnes
1008 1407 1081 1470 aliae
1095 1407 1386 1492 periculosissimae.

333 1511 411 1577 Qua
432 1511 544 1589 electa,
565 1512 750 1596 requiratur
763 1533 937 1575 consensus
959 1509 1104 1573 omnium
1129 1519 1164 1572 et
1188 1509 1390 1592 singulorum

333 1635 392 1698 per
413 1613 631 1698 presidentem
645 1613 791 1698 capituli,
815 1635 881 1676 una
900 1634 973 1675 cum
987 1612 1022 1675 ii.
1038 1611 1177 1675 testibus
1196 1623 1231 1674 et
1249 1611 1388 1689 notario,

333 1715 362 1778 si
383 1714 552 1794 habeatur,
574 1715 601 1777 si
624 1715 751 1800 placeat
771 1717 818 1779 eis
833 1716 885 1778 via
908 1714 1138 1798 compromissi.
1194 1711 1230 1775 Si
1251 1713 1306 1791 sic,
1328 1713 1391 1775 eli·

332 1827 451 1899 gantur
483 1816 764 1902 compromissarij,
795 1817 841 1879 sic
867 1816 1029 1880 dividatur
1048 1815 1235 1878 Conventus
1262 1815 1298 1878 in
1324 1825 1391 1877 tres

333 1928 461 2002 partes3
485 1918 625 1982 seniores
648 1941 707 2004 per
727 1942 773 1996 se,
794 1919 972 1981 mediocres
990 1941 1049 2003 per
1066 1940 1111 1995 se,
1127 1929 1162 1981 et
1175 1917 1315 1981 minores
1328 1940 1391 2001 per

334 2042 368 2084 se
381 2047 389 2098 ;
402 2027 445 2084 'et
465 2031 545 2087 tunc
567 2021 647 2085 dent
666 2021 807 2085 seniores
826 2021 869 2084 iv.
893 2020 1194 2105 compromissarios,
1215 2021 1393 2082 mediocres

334 2122 426 2202 duos,
445 2124 586 2187 minores
604 2146 708 2187 unum
724 2123 1045 2208 compromissarium.
1091 2122 1223 2188 Quibus
1244 2143 1394 2204 compro-

333 2225 497 2304 missariis,
520 2225 565 2288 sic
588 2225 713 2304 electis,
736 2236 901 2309 quaeratur
927 2225 1045 2287 iterato
1067 2223 1107 2286 de
1127 2223 1261 2307 singulis
1280 2245 1393 2306 perso-

333 2326 385 2388 nis
410 2326 445 2389 in
461 2325 632 2390 Conventu
651 2328 679 2390 si
692 2327 820 2412 placeat
838 2327 886 2389 eis
908 2327 996 2390 idem
1015 2348 1169 2389 numerus
1184 2325 1393 2410 compromis-

334 2426 502 2503 sariorum,
522 2437 556 2490 et
576 2428 604 2489 si
624 2427 681 2504 sic,
708 2428 854 2490 tradatur
876 2428 924 2490 eis
939 2427 1138 2504 commissio;
1160 2449 1225 2511 qua
1245 2428 1390 2503 obtenta,

334 2539 496 2613 ponantur
525 2513 792 2613 compromissarii
826 2550 978 2604 seorsum,
1014 2541 1048 2592 et
1076 2531 1141 2593 duo
1175 2540 1274 2593 testes
1315 2550 1392 2592 cum

334 2629 461 2694 notario
478 2631 520 2694 ad
543 2631 740 2695 audiendum
760 2642 932 2695 tractatum
952 2654 1084 2709 eorum;
1109 2632 1229 2716 quibus
1245 2653 1393 2716 compro-

335 2731 489 2796 missariis
521 2733 730 2812 concordatis,
764 2732 861 2796 detur
889 2743 1033 2818 potestas
1062 2734 1120 2796 uni
1151 2733 1394 2819 compromissa-

335 2834 457 2897 riorum
469 2835 510 2897 ad
525 2835 710 2918 eligendum
719 2845 753 2898 et
760 2835 993 2919 providendum
1009 2857 1112 2897 unum
1122 2835 1253 2897 nomine
1268 2857 1393 2898 eorum.

234 2926 244 2945 '
337 2934 414 3002 Qua
439 2935 597 3000 electione
624 2935 720 3013 facta,
753 2946 903 2998 cantetur
925 2941 947 2972 “
966 2937 1011 3000 Te
1035 2935 1170 3012 Deum,''
1196 2947 1231 2999 et
1252 2947 1394 3022 ponatur

225 3101 230 3110 ,
336 3057 443 3099 coram
473 3057 599 3100 summo
628 3035 732 3099 altari.
786 3036 915 3100 Deinde
943 3038 1131 3123 publicetur
1159 3037 1274 3100 electio
1304 3037 1392 3100 clero

337 3149 371 3202 et
384 3136 507 3223 populo
521 3137 639 3223 palam,
664 3137 699 3200 in
714 3137 995 3222 linguamaterna.
1040 3139 1171 3202 Deinde
1185 3149 1393 3225 presentetur

338 3239 465 3319 electio,
478 3250 513 3304 et
526 3239 712 3323 requiratur
723 3263 897 3306 consensus
905 3241 1018 3324 ipsius.
1035 3241 1115 3304 Post
1123 3241 1194 3304 baec
1204 3241 1395 3304 conficiatur

337 3343 513 3422 decretum,
536 3353 570 3406 et
589 3355 793 3432 presentetur
810 3343 960 3428 episcopo
979 3367 1038 3428 per
1058 3344 1288 3408 Procuratores
1307 3343 1395 3427 capi-

338 3443 410 3522 tuli,
436 3455 469 3510 et
491 3445 685 3530 impetretur
706 3445 800 3508 litera
822 3446 1095 3530 proclamationis3
1126 3456 1160 3509 et
1182 3445 1289 3509 medio
1312 3455 1396 3508 tem·

336 3567 415 3630 pore
430 3556 561 3630 petatur
575 3569 748 3610 consensus
762 3547 881 3631 regius,
898 3558 932 3611 et
946 3548 998 3611 die
1015 3547 1265 3611 confirmationis
1278 3570 1396 3632 propo·

337 3657 434 3710 natur
447 3646 570 3710 factum
593 3648 695 3711 totius
715 3670 893 3734 processus,
914 3672 933 3711 a
955 3659 1098 3733 tempore
1120 3649 1305 3727 vacationis,
1320 3670 1396 3711 curn

340 3747 534 3832 quibusdam
567 3749 674 3812 verbis
705 3751 988 3829 commendaticiis,
1022 3761 1088 3814 tarn
1118 3751 1269 3836 episcopo
1296 3772 1395 3834 quam

339 3850 452 3928 electo,
470 3861 503 3916 et
517 3850 552 3914 in
566 3850 728 3914 defectum
743 3851 973 3936 propositionis
988 3853 1113 3936 legatur
1130 3853 1297 3917 decretum
1311 3851 1395 3914 elec-

339 3953 448 4031 tionis,
463 3963 497 4018 et
508 3953 561 4017 die
574 3952 747 4017 Dominica
761 3966 927 4038 sequente,
939 3965 1130 4040 procuretur
1145 3953 1339 4030 benedictio,
1357 3964 1392 4015 et

338 4066 413 4142 post
426 4055 687 4119 benedictionem
706 4068 898 4140 procuretur
912 4056 1000 4121 datio
1016 4056 1240 4141 temporalium
1254 4077 1313 4140 per
1327 4053 1396 4117 Re-

338 4180 422 4242 gem.
467 4155 514 4220 Et
528 4178 654 4241 semper
671 4156 806 4221 Electus
828 4180 847 4220 a
868 4157 921 4221 die
943 4158 1122 4223 Electionis
1136 4157 1259 4243 jacebit
1278 4157 1312 4218 in
1327 4179 1396 4219 ma-

338 4258 436 4322 neriis
450 4258 648 4334 monasterii,
669 4259 709 4321 ab
733 4259 1009 4351 sdministratione
1024 4272 1131 4324 tamen
1147 4257 1347 4322 abstinendo.

1599 3823 1605 3936 l

1604 669 1608 786 1
