3260 5172
363 536 383 596 2
671 547 842 600 nrsronm
864 547 1111 598 runonrronrs
1199 531 1201 534 ’

361 698 474 763 mundi
489 698 617 762 climate
632 709 730 782 prout
745 697 879 761 Lucifer
894 709 1038 775 exortus,
1055 721 1130 762 cum
1143 699 1225 762 mira
1246 699 1418 778 industria,

361 825 419 887 per
434 801 500 864 Dei
521 801 667 884 gratiam,
683 800 814 884 propria
823 799 1033 878 liberalitate,
1049 821 1124 864 cum
1140 799 1278 864 Gallicae
1299 801 1418 864 nobili-

361 903 437 966 tatis
451 903 559 966 favore
580 913 705 980 auctus,
720 897 938 986 principatum
952 902 1120 986 proprium
1139 902 1334 967 hereditario
1355 903 1418 967 sibi

357 1007 432 1090 jure
458 1029 478 1069 a
502 1016 593 1091 patre
619 1004 769 1068 relictum
792 1003 931 1066 feliciter
955 1004 1111 1088 optinuit,
1137 1015 1213 1090 post
1235 1005 1355 1069 multos
1383 1016 1418 1070 et

360 1108 546 1171 innumeros
571 1107 789 1171 calamitatum
819 1106 974 1184 turbines,
999 1105 1082 1170 illud
1110 1116 1261 1191 potenter
1286 1109 1417 1173 tandem

360 1211 400 1274 ad
413 1231 544 1273 manum
563 1208 752 1294 pacificavit.
798 1207 927 1271 Interea
951 1231 1026 1272 vero
1049 1219 1083 1272 et
1108 1207 1257 1293 Anglicae
1280 1228 1419 1294 regnum

359 1311 552 1375 monarchiae
572 1310 677 1374 eidem
692 1308 767 1373 duci
781 1308 960 1388 Willelmo,
976 1333 995 1372 a
1012 1332 1071 1373 suo
1086 1310 1323 1394 consanguineo
1340 1334 1416 1395 rege

360 1412 520 1477 Edwardo
546 1437 563 1477 e
587 1413 708 1476 mundo
731 1411 900 1496 migrante,
920 1411 1115 1475 hereditario
1134 1412 1209 1496 jure
1232 1412 1416 1496 delegatum

358 1515 565 1599 relinquitur.
612 1515 711 1582 Quod
726 1536 800 1578 cum
813 1513 976 1576 hostiliter
990 1536 1010 1576 a
1023 1516 1099 1576 suo¹
1120 1514 1251 1598 perjuro
1275 1515 1416 1598 quodam

361 1615 504 1681 Haraldo
529 1618 686 1696 invasum,
706 1624 901 1679 memoratus
922 1615 992 1678 dux
1011 1614 1169 1692 rescisset,
1190 1615 1232 1678 ad
1253 1614 1288 1679 id
1310 1615 1342 1679 vi
1364 1615 1416 1679 vel

359 1729 427 1781 arte
465 1719 687 1795 obtinendum,
726 1739 858 1781 suorum
895 1717 1030 1780 consilio
1067 1728 1101 1780 et
1137 1717 1262 1782 auxilio
1298 1717 1414 1796 fultus

300 1863 304 1872 ·
357 1821 501 1884 animum
516 1831 550 1884 et
563 1820 646 1883 vires
671 1817 839 1883 convertit.
886 1817 994 1881 Classe
1018 1818 1119 1902 igitur
1144 1829 1255 1903 parata
1279 1819 1414 1904 ingenti,

356 1922 504 2006 plerique
535 1921 678 1999 comiteS,
705 1919 801 1983 multi
830 1919 966 1997 nobiles,
996 1920 1093 1984 multi
1128 1921 1281 2000 illustres,
1317 1921 1414 1986 multi

357 2023 454 2087 etiarn
477 2047 543 2088 non
566 2047 634 2088 suae
659 2023 791 2088 ditionis
814 2045 962 2108 proceres
986 2023 1038 2086 vel
1057 2024 1205 2102 barones,
1228 2023 1341 2086 sedet
1369 2046 1412 2087 ex

357 2125 653 2212 circumjacentium
663 2126 783 2190 finibus
798 2124 1035 2209 provinciarum
1056 2125 1230 2204 innumeri,
1250 2147 1319 2188 sese
1342 2127 1412 2210 ejus

357 2228 525 2292 comitatui
548 2251 607 2313 pro
631 2227 693 2292 sibi
716 2227 827 2290 innata
850 2225 1021 2289 clementia
1043 2227 1274 2312 adjunxerunt.
1331 2226 1413 2292 Dux

357 2353 434 2414 ergo
461 2352 535 2393 cum
560 2329 743 2394 incredibili
769 2328 927 2406 exercitu,
954 2327 1063 2392 divino
1091 2328 1265 2392 comitante
1291 2328 1411 2408 favore,

355 2431 593 2514 navigationem
607 2452 784 2515 aggressus,
799 2451 951 2514 prospere
978 2430 1108 2494 tandem
1133 2453 1235 2515 prope
1259 2441 1410 2508 castrum,

357 2534 531 2598 Pevenesel
553 2534 687 2611 dictum,
703 2531 880 2618 applicuit2
904 2577 1410 2598 ....................

356 2637 503 2702 exercitu
543 2660 601 2722 per
640 2635 744 2700 litoris
781 2634 886 2720 spatia
931 2633 1016 2697 late³
1068 2633 1242 2698 exilientes
1279 2634 1410 2720 Angliae

355 2740 503 2803 nonnulli
533 2739 710 2824 gaudenter
742 2737 839 2801 tereri
853 2782 990 2801 ......
1007 2737 1093 2814 dere,
1130 2736 1267 2821 contigit
1295 2737 1411 2802 ducem

355 2865 373 2905 e
410 2842 483 2904 navi
519 2841 609 2904 exire
642 2885 781 2904 ......
812 2837 847 2900 in
883 2837 1000 2902 faciem
1029 2837 1211 2916 corruisse,
1248 2837 1410 2924 litoreque

354 2966 432 3008 naso
457 2942 624 3007 vulnerato
653 2941 856 3025 aliquantum
885 2949 1065 3017 cruentato,
1100 2938 1219 3004 terram
1250 2941 1411 3026 protensis

353 3045 459 3132 primo
483 3043 762 3128 comprehendisse
788 3040 947 3106 manibus.
992 3039 1118 3105 Verum
1143 3064 1217 3106 cum
1241 3042 1317 3106 hinc
1340 3043 1410 3128 ple-

354 3149 448 3232 rique
480 3146 615 3210 infausti
645 3143 782 3230 auspicii
814 3143 979 3207 fortunam
1009 3143 1215 3208 mussitantes
1241 3144 1410 3230 pertimes-

354 3261 472 3330 cerent,
488 3251 645 3314 intererat
659 3257 693 3311 et
708 3245 834 3330 dapifer
848 3245 950 3324 ducis,
968 3246 1158 3310 Willelmus
1172 3247 1260 3311 filius
1276 3247 1409 3312 Osberti

354 3354 608 3438 cognominatus,
629 3351 678 3415 vir
701 3349 791 3413 mirae
815 3349 988 3433 probitatis
1002 3358 1037 3412 et
1050 3349 1244 3434 praepollens
1265 3349 1407 3434 ingenio,

354 3458 411 3540 qui
433 3479 512 3520 mox
532 3454 655 3518 animos
675 3453 862 3516 nutantium
883 3451 1024 3536 dejectos
1047 3451 1234 3536 hujusmodi
1257 3453 1409 3517 audacter

352 3557 506 3620 relevavit
534 3554 674 3619 oraculo
731 3551 944 3630 “Desinite,”
980 3551 1108 3636 inquid,
1145 3557 1168 3587 “
1182 3553 1253 3630 viri,
1276 3553 1347 3617 haec
1373 3555 1408 3618 in

352 3659 520 3723 adversum
550 3655 765 3740 interpretari,
802 3653 879 3738 quia
903 3653 1050 3738 profecto
1074 3654 1150 3718 hinc
1183 3649 1408 3740 prosperitatis

353 3761 447 3824 datur
472 3757 661 3844 auspicium.
720 3756 785 3820 Hic
814 3755 901 3822 euim
934 3754 1086 3840 Angliam
1115 3757 1263 3841 utrisque
1291 3758 1407 3843 palmis

352 3861 554 3948 complexam
589 3858 795 3944 conquisivit,
824 3857 1019 3943 propriaque
1040 3859 1195 3944 progenie
1224 3860 1407 3923 hereditan-

387 4055 523 4125 ¹Sic,pro
535 4069 612 4108 mo,
625 4051 663 4123 (ς)
944 4033 1032 4128 'This
1056 4035 1132 4118 tende
1163 4044 1190 4088 to
1221 4035 1328 4088 confirm
1354 4036 1406 4088 Mr.

386 4177 397 4207 ²
415 4171 485 4227 Here
506 4190 593 4226 enew
612 4171 666 4224 leaf
681 4171 788 4241 begins·
807 4171 851 4224 the
901 4103 1017 4227 didrdrlol
1028 4115 1184 4228 cpaquctppse,
1200 4105 1406 4246 dirliytliirDbiig

350 4245 469 4368 previous
487 4261 535 4295 one
553 4242 600 4294 has
618 4241 684 4323 been
701 4211 851 4313 apparently
900 4244 1038 4313 particular
1070 4255 1138 4367 splot,
1166 4245 1212 4298 but
1248 4246 1275 4297 in
1302 4247 1405 4298 various

361 4324 409 4368 ost.
434 4312 510 4394 ‚The
536 4312 658 4364 omissron
680 4312 702 4364 is
723 4321 769 4394 not
790 4330 850 4383 sup·
916 4313 986 4368 laces
995 4315 1089 4386 alongt
1109 4327 1211 4368 eccost.
1243 4315 1361 4368 William
1377 4315 1407 4366 of

349 4384 420 4456 plied
432 4400 459 4436 111
471 4381 612 4452 Dugdale’s
626 4381 798 4436 Monastroon.
930 4384 1086 4456 almesbury,
1096 4385 1123 4440 ii.
1134 4390 1195 4452 412,
1208 4404 1233 4440 n.
1245 4386 1286 4439 ed.
1301 4385 1401 4455 Hardy.
