3278 5162
338 527 381 591 38
638 541 807 592 ursmms
831 543 1081 595 runnsmoms

337 703 461 768 tunam,
480 691 574 776 cujus
588 690 689 755 studii
710 693 874 777 praecipne
889 704 958 758 erat
971 693 1082 758 Deum
1096 693 1227 778 Deique
1241 695 1388 760 basilicas

336 793 504 870 honorare,
520 793 701 871 extollere,¹
717 803 817 878 atque
831 795 892 858 snb
906 795 1016 879 legum
1026 795 1229 859 observantia
1242 817 1308 858 non
1323 806 1389 860 tam

335 895 421 979 regis
443 917 561 958 nomen
583 917 681 978 quam
705 895 839 958 rectoris
857 896 1047 980 aeqnitatem
1062 896 1233 960 obtinere?
1276 896 1388 982 Hujus

335 997 504 1061 industriae
518 1019 593 1060 cum
618 996 763 1082 prIvatus
785 997 891 1061 adhuc
913 998 1111 1074 adventaret,
1126 997 1388 1064 Normannorum

335 1099 543 1184 superciliosa
565 1098 661 1162 cessit
679 1097 802 1176 feritas,
828 1099 1012 1183 Anglorum
1035 1100 1202 1164 barbarica
1215 1101 1388 1166 succubuit

334 1201 468 1266 subacta
491 1201 654 1278 severitas,
680 1223 854 1286 regnorum
876 1201 1075 1265 diversorum
1098 1202 1237 1266 attonita
1262 1202 1388 1266 obtem·

335 1304 470 1388 perabat
497 1303 678 1380 sullimitas,
703 1314 738 1366 et
763 1313 871 1366 tamen
899 1324 974 1382 cum
997 1303 1048 1366 his
1077 1304 1228 1368 omnibus
1252 1305 1386 1368 rationis

335 1406 591 1490 superemineret
604 1405 833 1483 moderamine,
843 1404 957 1469 mortis
971 1427 1058 1482 eum,
1073 1405 1157 1468 heu!
1173 1427 1270 1490 pomo
1281 1417 1385 1484 nacta,

334 1510 484 1594 subigere
507 1533 573 1574 non
597 1509 767 1573 exhorruit
791 1508 985 1572 immanitas.
1031 1508 1062 1574 Ο
1089 1509 1188 1593 igitur
1203 1511 1387 1574 deflendum

334 1613 460 1676 miserae
471 1611 665 1676 conditionis
676 1611 867 1675 discrimen!
893 1609 993 1674 Hunc
1008 1609 1171 1694 siquidem
1185 1633 1284 1694 quem
1297 1635 1386 1696 mag·

334 1714 505 1778 nanimitas
521 1712 735 1776 comitabatur
748 1711 893 1775 diflicilia
906 1711 1091 1788 inchoandi,
1113 1713 1212 1776 robur
1232 1723 1267 1776 et
1280 1714 1386 1778 effica-

334 1816 384 1879 cia
415 1813 639 1899 conquirendi,
666 1813 821 1897 sagacitas
844 1835 990 1897 possessa
1012 1813 1213 1897 pacificandi,
1235 1816 1384 1898 generale

335 1917 447 1981 uthis
472 1915 608 2000 singulis
632 1925 794 1978 carentem
819 1913 985 1978 letiferum
1008 1915 1182 1980 substravit
1204 1917 1384 1995 discrimen,

333 2031 373 2085 ut
396 2019 499 2083 infimi
530 2018 703 2102 abjectum,
726 2037 838 2080 secure
868 2015 955 2099 regis
981 2017 1173 2100 praeclarum
1202 2029 1383 2103 penetrans,

329 2124 451 2186 lumen.

341 2257 344 2259 ·
376 2225 541 2288 Caeterum
554 2222 702 2286 miseram
712 2220 829 2285 deflere
844 2243 910 2284 non
924 2221 1087 2286 sufficiens
1100 2220 1327 2299 conditionem,
1343 2223 1385 2286 ab

330 2327 382 2390 his
410 2325 541 2388 interim
565 2346 618 2386 me
646 2332 855 2406 retorquente
884 2323 1007 2400 stilum,
1036 2323 1175 2408 sapienti
1204 2323 1281 2386 dum
1308 2324 1385 2388 licet

330 2428 479 2493 innuitur
490 2436 649 2489 aeternum
664 2424 726 2488 sibi
740 2447 911 2509 procurare
926 2425 1051 2490 asilum.
1096 2425 1153 2488 Ad
1166 2425 1297 2508 gloriosi
1308 2449 1384 2490 vero

333 2530 494 2596 Willelmi
508 2528 637 2593 nomine
659 2527 744 2611 regis
764 2537 798 2590 et
815 2549 850 2590 re
864 2527 1044 2591 retexenda
1057 2549 1101 2590 ex
1114 2526 1262 2611 insigniis
1276 2528 1385 2611 aliqua

333 2634 445 2720 paucis
469 2632 680 2718 expediamus
705 2629 832 2694 omissa.
877 2629 970 2693 Fecit
993 2629 1104 2714 itaque
1129 2629 1215 2693 idem
1234 2630 1384 2714 princeps

331 2735 551 2800 nobilissimus
574 2757 618 2798 ex
640 2732 772 2818 proprio
801 2731 944 2796 dominio
973 2731 1119 2796 abbatias
1148 2732 1281 2815 quidem
1306 2742 1381 2810 tres,

332 2837 478 2919 delegata
502 2835 638 2918 singulis
669 2834 866 2918 praediorum
888 2833 1093 2911 sufficientia,
1117 2833 1264 2917 exceptis
1287 2833 1384 2899 innu-

331 2937 429 3000 meris
443 2936 697 3022 possessionibus
712 2945 747 2998 et
759 2934 937 3011 beneficiis,
950 2957 1030 3018 quas
1044 2935 1160 2999 animae
1176 2957 1243 2999 suae
1258 2935 1383 3020 prospi-

332 3037 419 3102 ciens
448 3037 580 3101 diversis
612 3046 794 3100 sanctorum
819 3036 1021 3100 monasteriis
1052 3037 1097 3100 cis
1126 3037 1272 3120 citraque
1295 3061 1382 3101 mare

331 3139 478 3224 largiflue
505 3139 713 3217 contulerat,2
748 3160 807 3200 seu
844 3139 885 3201 ab
913 3138 985 3202 aliis
1014 3140 1151 3203 conferri
1176 3152 1382 3205 concesserat.

332 3242 424 3308 Duas
440 3243 572 3329 quidem
598 3242 684 3326 apud
700 3240 878 3304 Cadomum
902 3242 1122 3320 construxit³;
1147 3264 1245 3306 unam
1273 3265 1383 3308 mona-

331 3347 464 3412 chorum
492 3365 551 3431 pro
575 3369 608 3410 se
631 3344 772 3408 habilem
802 3343 933 3407 omnino
961 3365 998 3407 ac
1026 3343 1231 3428 locupletem,
1257 3344 1382 3429 inqua

331 3451 503 3514 defunctus
532 3459 571 3511 ut
597 3446 726 3532 praefati
755 3468 866 3510 sumus
895 3445 1093 3522 tumulatur3
1126 3445 1221 3509 aliam
1250 3469 1381 3531 quoque

331 3549 622 3614 sanctimonialium
637 3547 714 3611 satis
729 3546 938 3631 spectabilem
946 3568 1041 3611 causa
1052 3557 1086 3610 et
1096 3546 1252 3612 instinctu
1260 3549 1381 3632 reginae

336 3777 339 3786 .
367 3729 375 3760 ¹
395 3727 459 3788 This
475 3728 498 3780 is
513 3726 654 3781 confirmed
662 3727 698 3798 by
705 3726 830 3782 Malmes-
879 3727 1012 3794 observed‚
1026 3729 1046 3780 it
1065 3728 1117 3780 had
1128 3727 1194 3782 been
1205 3729 1289 3782 better
1300 3728 1324 3780 if
1336 3728 1380 3780 the

330 3798 515 3921 bury31p34d7.
570 3868 576 3879 ι
754 3867 759 3878 .
881 3797 924 3878 old
936 3816 997 3850 ones
1009 3797 1060 3850 had
1072 3797 1137 3850 been
1153 3798 1289 3867 preserved
1301 3816 1329 3850 or
1340 3815 1380 3849 re-

365 3869 377 3903 ²
430 3887 464 3950 'rs'
480 3885 503 3921 rs
522 3867 627 3920 notrced
648 3867 830 3990 emphatreallt
880 3867 975 3990 parred,
990 3867 1052 3920 than
1068 3885 1126 3919 new
1139 3884 1200 3921 ones
1215 3867 1380 3921 constructed

330 3937 382 4062 ivis
390 3935 692 4129 {Vpleltlpepalogofflsspp
710 3955 828 4128 bbylgsays,
915 4007 955 4038 Ν
962 4006 1041 4108 Apud
1050 4007 1195 4059 cadomum
1202 4006 1380 4128 duoheoenobla

329 4078 829 4217 {ltstttsztlsttttstt
879 4084 1024 4200 {stlta}
1033 4093 1379 4217 stsslbmttttlbtt,

329 4229 402 4287 verty
429 4235 481 4269 was
505 4227 550 4268 not
573 4216 705 4270 sustained
728 4216 764 4286 by
785 4216 829 4268 the
879 4215 950 4268 aliud
973 4215 1207 4268 sanctimonialium
1232 4217 1259 4268 in
1283 4215 1380 4267 honore

328 4286 417 4356 plenty
436 4287 466 4338 of
484 4285 612 4354 England.
657 4285 828 4338 Monasteries
879 4285 905 4337 S.
917 4285 1079 4339 Trinitatis’'
1119 4285 1266 4366 Ordericus,
1282 4303 1307 4354 p.
1318 4287 1379 4338 459.

326 4373 422 4428 sprung
434 4373 469 4426 up
481 4373 514 4408 on
528 4355 563 4408 all
574 4354 661 4418 sides;
679 4354 726 4408 but
737 4355 828 4428 people
879 4354 927 4407 See
938 4355 993 4408 also
1002 4355 1047 4408 the
1060 4355 1088 4408 N
1090 4355 1186 4408 austria
1199 4355 1255 4423 Pra,
1266 4372 1293 4424 p.
1305 4358 1366 4408 624.

898 3955 916 4008 y
928 3937 1057 4008 ill-gotten
1068 3936 1162 3990 riches.
