3260 5172
571 551 794 638 uounsrrnn
814 584 869 636 nn
890 583 1017 637 narro.
1271 567 1314 638 37

259 725 534 816 magnificabatur.
559 733 719 820 Cumque,
735 735 880 799 ecclesiae
894 734 1018 798 fabrica
1030 733 1230 820 proficiente,
1242 757 1313 798 eam

259 833 294 895 in
307 835 458 918 proximo
483 836 801 902 munificentissimus
823 857 882 900 rex
905 835 1051 922 largiflue
1074 837 1208 900 ditatam
1223 836 1314 900 dedi·

260 957 331 996 care
369 929 588 1021 disposuisset,
625 935 757 1002 interim
798 938 939 1002 adversae
978 939 1129 1024 pulsatus
1164 937 1314 1002 molestia

260 1035 402 1100 fortunae
426 1038 658 1103 Normarmiam
682 1039 911 1106 transfretavit.
956 1039 1025 1104 Ubi
1048 1040 1083 1104 in
1106 1039 1314 1124 expeditione

261 1137 345 1202 forte
382 1140 579 1218 debilitatus,
617 1141 747 1205 demum
784 1141 1003 1225 Rotomagum
1039 1140 1129 1206 adiit.
1189 1139 1314 1204 Verum

263 1241 454 1325 aegritudine
469 1242 573 1307 indies
594 1242 844 1326 ingravescente,
860 1266 934 1308 eum
954 1245 1022 1328 jam
1046 1252 1230 1306 extremum
1251 1242 1314 1306 sibi

260 1337 345 1406 diem
368 1343 536 1408 imminere
560 1345 704 1424 sentiret,
721 1344 864 1409 ecclesiae
880 1357 956 1409 'suae
983 1365 1080 1428 quam
1100 1343 1135 1406 in
1159 1342 1314 1426 Angliam

261 1453 484 1509 construxerat
497 1468 563 1509 non
579 1444 757 1522 immemor,
768 1445 935 1510 Willelmo
950 1445 1018 1508 filio
1033 1467 1102 1522 suo,
1113 1467 1211 1527 quem
1222 1445 1313 1527 regni

261 1543 413 1609 heredem
429 1545 608 1624 constituit,
623 1547 782 1631 imperare
808 1547 946 1624 studuit,
977 1545 1129 1630 quatinus
1159 1543 1312 1627 Angliam

259 1647 404 1710 concitus
419 1647 528 1710 adiens
548 1647 639 1731 regni
655 1647 834 1711 diademate
856 1645 1076 1730 insigniretur,
1092 1654 1192 1741 atque
1212 1646 1314 1714 ecclea

259 1748 315 1810 siae
331 1765 399 1810 suae
415 1749 453 1811 de
469 1747 563 1812 Bello
586 1749 765 1812 manerium
791 1769 893 1811 unum
921 1746 1133 1832 quadraginta
1157 1747 1312 1812 librarum

259 1849 356 1932 super
379 1872 427 1926 ea,
443 1847 517 1934 quae
538 1851 606 1934 jam
626 1850 748 1913 ibidem
775 1872 818 1913 ex
841 1871 900 1914 suo
923 1851 1007 1913 dono
1032 1848 1147 1912 collata
1171 1850 1311 1929 fuerant,

259 1945 429 2012 conferret.
475 1949 616 2012 Pallium
631 1973 762 2034 quoque
778 1973 872 2014 suum
890 1951 997 2034 regale
1021 1951 1154 2013 mirifice
1178 1965 1257 2013 auro
1279 1962 1313 2020 et

259 2050 394 2133 gemmis
427 2051 666 2135 pretiosissimis
699 2051 901 2134 insignitum,
930 2062 963 2130 et
996 2060 1143 2117 ,trecenta
1177 2071 1313 2117 numero

260 2151 450 2236 philacteria
469 2153 620 2216 decenter
644 2176 723 2216 auro
746 2163 942 2237 argentoque
967 2151 1146 2228 fabrifacta,
1174 2174 1312 2235 quarum

259 2255 353 2339 plura
367 2254 487 2318 catenis
502 2254 606 2318 aureis
620 2253 671 2318 'vel
685 2255 845 2337 argenteis
867 2253 1141 2338 appendebantur,
1163 2254 1311 2317 innume-

259 2356 411 2420 rabilium
434 2353 617 2418 sanctorum
639 2355 792 2439 reliquias
814 2353 1024 2434 continentia,
1040 2378 1113 2419 cum
1133 2355 1254 2419 feretro
1276 2355 1311 2422 in

257 2460 388 2524 modum
406 2458 514 2522 altaris
527 2457 676 2534 formato,
693 2456 771 2541 (quo
791 2457 903 2520 multae
918 2467 1010 2520 erant
1031 2457 1191 2541 reliquiae,
1214 2475 1312 2542 super

258 2563 346 2646 quod
368 2561 403 2624 in
429 2557 637 2645 expeditione
662 2559 758 2622 missa
787 2558 942 2622 celebrari
971 2561 1204 2643 consueverat)
1234 2581 1309 2644 quae

256 2663 342 2728 inter
361 2663 424 2726 alia
448 2660 660 2724 multiformia
682 2683 725 2723 ex
749 2661 1020 2744 praedecessorum
1046 2681 1177 2724 suorum
1196 2680 1311 2744 regum

257 2788 330 2830 cum
344 2787 443 2848 regno
457 2763 673 2847 adquisitione
689 2762 884 2843 obtinuerat,
900 2772 934 2826 et
947 2784 1021 2846 quae
1036 2761 1071 2824 in
1093 2761 1181 2845 regio
1203 2762 1311 2826 haete-

255 2889 316 2930 nus
330 2866 471 2951 reposita
485 2863 683 2929 thesaurario
698 2863 976 2939 conservabantur,
993 2863 1178 2926 eidemloco
1192 2886 1236 2926 cx
1252 2885 1310 2928 suo

256 2989 388 3032 munere
411 2967 550 3032 conferri
572 2965 860 3051 praecepit'atque
884 2975 923 3028 ut
948 2964 1081 3027 eandem
1107 2987 1197 3038 suam
1221 2963 1310 3044 dedi-¹

257 3071 321 3134 cari
344 3067 536 3156 quantocius
557 3067 731 3130 honorifice
753 3067 873 3129 faceret
894 3065 1071 3132 ecclesiam.
1117 3057 1193 3131 Quo
1210 3066 1309 3151 jussis

257 3173 510 3256 obtemperante,
540 3169 626 3232 idem
665 3189 726 3230 rex
763 3167 1090 3251 praecellentissimus,
1115 3167 1308 3250 aegritudine

256 3274 504 3356 ingravescente,
522 3292 607 3333 anno
626 3269 717 3351 regni
733 3269 783 3331 sui
798 3267 913 3332 xx⁰.i⁰.
931 3268 1029 3344 diem,
1052 3266 1260 3351 prohdolor!
1277 3289 1306 3335 v,

256 3375 329 3438 idus
355 3370 555 3458 Septembris
581 3369 696 3432 clausit
715 3369 877 3447 ultimum,
902 3378 1000 3452 atque
1029 3368 1105 3430 inde
1130 3365 1307 3454 Cadomum
1403 3401 1405 3404 ·

255 3477 397 3540 delatum
413 3494 528 3558 corpus
543 3481 705 3539 terrenum
721 3470 756 3534 in
771 3471 904 3534 ecelesia
920 3469 1022 3534 sancti
1037 3469 1194 3554 Stephani
1210 3490 1306 3556 quam

258 3578 326 3662 ipse
342 3577 534 3646 fundaverat
554 3583 629 3638 ante
645 3573 745 3636 altare
762 3583 856 3642 terrae
872 3572 1087 3637 committitur
1103 3571 1273 3636 humatum
1283 3574 1304 3650 3¹

254 3680 347 3764 cujus
361 3677 490 3762 spiritui
504 3677 578 3763 pius
588 3675 790 3760 Redemptor
800 3699 935 3760 regnum
947 3684 1082 3761 praestet
1090 3675 1303 3759 perpetuum!

296 3778 423 3844 Verum
444 3788 483 3844 ut
504 3779 602 3864 hujus
629 3778 883 3843 consideratione
906 3770 1075 3863 paululum
1095 3777 1304 3852 inmoramur,

254 3881 373 3966 quibus
401 3879 507 3944 verbis
545 3879 643 3964 hujus
678 3879 754 3943 vitae
783 3880 974 3943 miserabilis
1004 3877 1186 3962 explicetur
1215 3887 1305 3938 ortus

252 4003 457 4067 nequaquam
471 4002 605 4065 pensare
620 3981 807 4060 sufficimus,
823 4005 897 4044 cum
911 3992 978 4044 tam
992 3978 1193 4065 plangendus
1206 3977 1304 4061 regiae

255 4085 353 4147 etiarn
376 4080 624 4166 magnificentiae
647 4081 814 4146 incumbat
828 4103 966 4146 occasus.
1013 4079 1097 4146 Quis
1125 4078 1211 4141 enim
1237 4088 1304 4142 tam

253 4185 355 4268 diram
380 4185 479 4269 hujus
507 4183 654 4268 praeclari
679 4183 871 4248 omnimodis
900 4182 984 4266 regis
1009 4203 1075 4244 non
1098 4179 1214 4244 defleat
1239 4180 1306 4247 for-

615 4417 621 4447 ¹
641 4415 669 4468 N
671 4413 767 4468 eustrie
779 4413 833 4481 Pia,
846 4431 873 4484 p.
882 4414 941 4466 640.
