3278 5162
547 567 772 620 uonrsrnnrr
795 567 845 618 na
865 561 991 618 amno.
1246 549 1297 614 45

235 713 344 798 largiri
360 739 425 800 quo
440 728 689 802 compararetur,
704 727 818 803 petens
831 719 982 782 instabat.
1014 715 1076 780 Cui
1092 737 1165 780 curn
1180 729 1288 798 aroge

237 817 392 882 terminus
443 841 612 903 quousque
654 819 807 904 Angliam
848 821 1017 903 repedaret
1058 819 1289 904 imponeretur,

236 939 410 1002 regemque
436 922 640 1004 postmodum
656 920 809 1006 Angliam
834 943 997 984 reversum
1019 942 1078 1004 per
1099 919 1290 983 monachum

238 1041 334 1082 suum
356 1023 516 1104 quendam
531 1022 607 1087 inde
630 1023 772 1088 crebrius
786 1022 983 1108 requisisset,
998 1021 1128 1086 tandem
1142 1021 1177 1084 in
1191 1043 1292 1105 expe-

239 1119 362 1186 ditione
379 1123 508 1187 Walliae
524 1126 595 1210 ejus
608 1136 766 1210 pertaesus
785 1123 1044 1210 importunitate,
1067 1145 1129 1188 rex
1152 1123 1291 1187 eundem

238 1224 439 1304 monachum,
450 1227 651 1310 quorundam
664 1227 823 1313 impulsus
838 1226 982 1303 consilio,
993 1248 1067 1289 cum
1080 1225 1198 1289 litteris
1207 1247 1291 1309 prae-

238 1326 388 1408 ceptoriis
412 1327 500 1411 regia
524 1329 614 1392 bulla
633 1329 776 1415 signatis,
791 1330 833 1392 ad
858 1330 1009 1393 abbatem
1035 1327 1180 1391 ecclesiae
1202 1327 1291 1390 beati

240 1424 375 1490 Martini
386 1430 426 1493 de
437 1429 540 1508 Belle,
556 1431 642 1494 unde
651 1453 736 1494 nunc
748 1442 858 1494 nostra
868 1431 1005 1494 desudat
1018 1428 1178 1505 Minerva,
1193 1429 1292 1492 desti-

239 1529 337 1608 navit,
362 1541 460 1615 atque
486 1533 527 1595 ab
543 1555 582 1595 eo
597 1533 708 1595 decem
731 1533 855 1614 argenti
876 1531 974 1594 libras
989 1529 1137 1612 Anglicae
1152 1539 1292 1591 monetae

241 1629 363 1713 absque
388 1632 592 1694 cunctatione
609 1632 649 1694 ad
668 1631 825 1716 hocopus
846 1631 937 1715 exigi
951 1629 1124 1693 mandavit.
1169 1628 1297 1692 Audito

240 1729 343 1814 igitur
366 1731 428 1795 hoe
451 1733 550 1796 abbas
566 1731 729 1796 Henricus
743 1733 904 1810 mandato,
921 1730 1076 1816 legationi
1090 1738 1296 1814 nequaquam

241 1833 462 1916 adquiescens,
488 1835 569 1898 clam
584 1834 667 1897 duos
682 1834 829 1910 fratrum,
846 1834 903 1917 qui
917 1833 986 1918 regi
1001 1843 1035 1897 et
1058 1854 1215 1896 summam
1234 1831 1297 1895 loci

242 1933 422 2017 penuriam,
438 1945 473 1997 et
486 1957 621 2018 pravum
636 1935 829 1997 abolendum
837 1957 943 2011 usum,
952 1955 994 1996 ne
1010 1933 1046 1996 in
1055 1944 1223 2017 posterum
1237 1933 1298 1996 hac

243 2034 283 2096 de
323 2055 418 2096 eausa
453 2034 654 2110 inolesceret,
684 2035 826 2096 studiose
862 2044 1082 2117 suggererent,
1111 2033 1297 2098 transmisit.

245 2133 377 2200 Quibus
391 2157 451 2198 rex
473 2135 657 2200 nullatenus
672 2135 789 2212 flexus,
805 2135 936 2199 demum
950 2133 1198 2210 interminando,
1214 2133 1298 2196 inte-

243 2257 333 2318 gram
347 2235 513 2320 praedictae
528 2235 716 2321 pensionem
730 2236 879 2322 pecuniae
905 2235 1062 2300 monacho
1084 2235 1298 2300 transmarino

243 2336 382 2421 persolvi
410 2337 578 2422 praece'pit.
624 2337 726 2402 Porro
754 2335 911 2402 monacho
937 2337 1061 2423 jugiter
1090 2337 1210 2402 infesto
1238 2345 1298 2421 p'ro

244 2439 400 2524 praedicta
426 2441 567 2503 instante
594 2439 741 2524 pecunia,
759 2462 825 2502 non
845 2439 914 2503 sine
929 2439 1018 2525 gravi
1033 2440 1131 2504 abbas
1146 2461 1297 2516 moerore,

244 2540 353 2626 inopia
367 2551 507 2620 coactus,
522 2541 562 2605 de
578 2541 784 2605 sacrosanctis
799 2551 980 2606 sanctarum
1001 2541 1212 2626 reliquiarum
1226 2541 1298 2626 phi·

245 2641 396 2720 lacteriis,
411 2643 497 2706 unde
521 2663 618 2726 supra
640 2641 855 2719 meminimus,
872 2652 998 2706 tantum
1021 2642 1146 2724 argenti
1168 2642 1300 2725 collegit

245 2745 331 2807 unde
352 2744 576 2808 molestissimo
596 2743 740 2808 exactori
754 2743 921 2808 satisfecit.
967 2743 1044 2811 Quo
1059 2744 1187 2827 adepto,
1202 2742 1299 2807 laetus

245 2845 405 2928 quaesivit,
417 2845 550 2923 invenit,
564 2855 597 2910 et
611 2865 783 2929 congruam
798 2844 908 2909 adhoc
920 2867 1002 2929 opus
1016 2866 1192 2930 pmpuram
1207 2846 1299 2923 emit,

246 2946 454 3033 ecclesiaeque
488 2965 556 3012 suae
592 2949 770 3031 gaudenter
799 2969 866 3011 non
899 2947 986 3010 unde
1021 2947 1078 3011 sed
1092 2947 1172 3031 quid
1186 2946 1300 3030 adqui-

244 3048 338 3112 sisset
365 3058 556 3133 computans
582 3047 725 3113 advexit.
783 3047 919 3112 Planeta
947 3048 1058 3132 itaque
1082 3049 1151 3134 jam
1180 3048 1299 3112 exinde

244 3150 339 3228 facta,
355 3151 510 3233 nulloque
522 3149 721 3234 judiciorum
736 3149 801 3213 Dei
815 3160 907 3213 metu
921 3149 1095 3234 superstite
1111 3150 1189 3213 dum
1205 3150 1298 3233 quasi

245 3252 329 3314 bene
354 3261 445 3334 gesta
458 3251 609 3313 videntur
623 3251 740 3326 omnia,
756 3261 889 3334 repente
909 3251 1050 3333 quadam
1065 3249 1116 3312 die
1131 3249 1211 3312 hora
1231 3250 1299 3333 jam

246 3353 353 3430 tertia,
368 3352 536 3414 intonante
551 3350 591 3413 de
607 3349 694 3413 caelis
710 3349 863 3427 Domino,
879 3350 961 3412 aeris
977 3348 1195 3432 tranquillitas
1210 3358 1300 3411 tene·
1316 3351 1320 3356 '

245 3455 376 3517 brarum
386 3452 514 3536 caligini
526 3462 560 3515 et
571 3451 663 3536 quasi
673 3450 787 3514 mortis
798 3452 931 3515 subacta
941 3451 1077 3528 umbrae,
1087 3449 1122 3512 in
1131 3450 1299 3515 horridum

246 3555 497 3626 choruscationis
524 3565 558 3618 et
572 3553 708 3617 tonitrui
724 3552 889 3616 turbinem
902 3575 993 3616 versa
1007 3551 1197 3616 concitatur.
1243 3551 1299 3615 ln-

247 3657 342 3728 terim
369 3679 444 3720 vero
470 3656 549 3720 hora
573 3655 639 3719 diei
661 3655 756 3720 tertia
775 3655 934 3734 inchoata,
951 3655 1028 3719 dum
1042 3654 1156 3718 fratres
1170 3677 1298 3718 versum

247 3763 269 3794 ‘⁴
281 3760 416 3843 sagittae
427 3757 570 3844 potentis
581 3767 685 3821 acutae
698 3757 715 3782 '¹
730 3756 925 3822 modulando
934 3757 1116 3834 recitarent,
1127 3756 1235 3820 subito
1245 3757 1299 3820 die

246 3861 349 3925 noctis
360 3861 506 3923 imitante
520 3860 695 3936 horrorem,
709 3882 783 3922 curn
797 3858 869 3922 caeli
882 3881 1013 3943 quoque
1027 3858 1208 3942 fragoribus
1222 3880 1298 3920 con-

246 3985 339 4028 cussa
350 3973 433 4024 terra
448 3971 586 4024 tremens
601 3959 693 4022 evehi
704 3960 764 4023 sub
776 3961 894 4045 plantis
905 3960 1080 4036 videretur,
1089 3959 1227 4042 fulguris
1239 3960 1297 4043 qui

246 4065 421 4128 timebatur
444 4061 523 4126 caelo
538 4061 659 4126 decidit
680 4061 775 4138 ictuS,
790 4060 1009 4143 fratribusque
1025 4060 1173 4123 omnibus
1196 4058 1297 4122 inter-

245 4165 350 4228 missis
371 4186 445 4247 quae
470 4172 635 4247 coeperant
659 4162 700 4224 ad
724 4162 901 4224 orationem
915 4160 1095 4246 prostratis,
1119 4182 1197 4224 mox
1211 4162 1298 4245 ejus-

247 4268 321 4334 dem
331 4265 394 4330 loci
409 4263 555 4328 monachi
571 4263 636 4326 duo
646 4262 737 4327 vitali
751 4261 832 4325 flatu
846 4261 1023 4347 privantur.
1047 4261 1135 4326 Hinc
1150 4263 1297 4328 attonitis

247 4375 396 4438 omnibus
408 4395 481 4437 cum
491 4395 585 4436 causa
599 4382 665 4435 tam
680 4371 758 4436 dirae
774 4370 1056 4437 animadversionis
1066 4373 1295 4458 negligeretur,
