3240 5154
337 551 400 616 126
642 562 812 613 nrsromn
834 561 1080 614 ruunnnoms

334 716 438 780 forma
460 713 712 798 compositionis,
740 713 895 798 quatinus
924 713 1047 776 scilicet
1077 711 1202 776 Alanus
1232 713 1295 776 toti
1318 713 1388 798 juri

334 818 423 902 quod
436 817 471 880 in
483 817 617 881 ecclesia
629 818 668 880 de
680 815 906 880 Mendlesham
920 839 953 878 se
968 815 1086 878 habere
1097 814 1261 880 fatebatur
1275 827 1391 900 sponte

332 919 533 996 renuntians,
550 929 654 982 cartas
670 929 862 982 memoratas
884 918 1005 1002 quibus
1029 927 1156 1001 partem
1185 939 1276 980 suam
1302 917 1389 980 tueri

333 1023 500 1085 nitebatur
513 1021 549 1084 in
563 1043 677 1085 manus
698 1019 825 1084 abbatis
839 1019 1028 1102 resignaret.
1075 1018 1178 1104 Cujus
1194 1020 1239 1082 sic
1252 1019 1389 1103 gratiam

332 1125 479 1209 adeptus,
497 1123 596 1187 solam
612 1122 778 1186 ecclesiam
799 1123 839 1185 de
862 1121 1040 1186 Brantham
1056 1143 1164 1204 quam,
1180 1131 1219 1184 ut
1232 1107 1401 1206 praedixi-'

332 1248 414 1304 mus,
430 1226 538 1289 minus
562 1225 712 1288 canonice
730 1233 894 1288 assecutus
917 1233 976 1300 est,
993 1245 1037 1285 ex
1056 1241 1121 1303 qua
1133 1222 1246 1306 pensio
1261 1246 1296 1286 x.
1312 1223 1389 1286 soli-

333 1326 447 1390 dorum
471 1349 530 1411 pro
556 1325 692 1410 antiqua
717 1323 952 1388 consuetudine
976 1324 1171 1401 solvebatur,
1198 1325 1258 1387 sub
1282 1348 1390 1388 annua

331 1429 486 1513 pensione
510 1427 608 1491 unius
626 1427 717 1492 aurei
737 1426 932 1490 monasterio
954 1426 1056 1490 sancti
1075 1425 1213 1489 Martini
1234 1428 1273 1490 de
1294 1427 1388 1491 Bello

331 1531 493 1607 solvenda,
509 1529 639 1593 nomine
660 1529 762 1614 ipsius
783 1529 969 1592 monasterii
990 1529 1098 1612 quoad
1111 1529 1234 1592 viveret
1249 1539 1386 1608 teneret,

331 1643 365 1696 et
385 1632 484 1696 siclis
500 1632 604 1696 omnis
619 1641 653 1695 et
667 1631 883 1695 controversia
897 1631 1150 1714 conquiesceret.

267 1738 295 1780 ·'·
375 1735 536 1799 Omnibus
553 1735 635 1798 hanc
650 1733 891 1818 compositionis
905 1733 1041 1796 formam
1063 1732 1287 1817 probantibus,
1312 1755 1386 1818 par-

331 1837 484 1920 tibusque
509 1836 585 1899 hinc
609 1836 684 1899 inde
708 1834 996 1912 consentientibus
1022 1835 1090 1898 dies
1116 1835 1272 1919 locusque
1297 1838 1385 1921 apud

332 1937 538 2001 Cantuariam
552 1937 717 2016 statuitur,
734 1960 800 2021 quo
814 1959 919 2000 coram
932 1936 1073 2022 justiciis
1088 1937 1186 1999 abbas
1202 1936 1237 2000 in
1248 1960 1385 2022 persona

329 2041 470 2126 propria,
501 2051 535 2104 et
558 2039 684 2104 Alanus
711 2040 937 2104 confirmandae
964 2038 1207 2123 compositionis
1234 2039 1382 2104 formatae

327 2143 431 2225 gratia
454 2142 654 2207 conveniant.
700 2141 832 2205 Abbate
856 2141 908 2204 die
924 2151 958 2204 et
971 2141 1042 2204 loco
1056 2141 1261 2204 denominato
1276 2165 1383 2206 coram

323 2244 465 2329 justiciis
480 2254 664 2328 apparente,
678 2243 804 2307 Alanus
816 2266 877 2306 nec
887 2265 1072 2326 comparens
1083 2265 1144 2305 nec
1159 2253 1381 2308 excusatorem

327 2346 479 2428 dirigens,
509 2345 654 2408 omnium
681 2345 806 2429 judicio
839 2343 1066 2408 misericordias
1096 2345 1182 2426 regis
1210 2345 1380 2425 addicitur,

326 2448 532 2531 postmodum
559 2469 635 2509 vero
665 2448 733 2510 dies
760 2446 915 2530 locusque
941 2447 1028 2530 apud
1054 2445 1240 2510 Londonias
1267 2471 1381 2511 conve-

323 2549 444 2626 niendi,
454 2571 588 2633 remque
597 2547 807 2612 confirmandi
821 2548 952 2632 utrique
965 2549 1050 2632 parti
1061 2548 1177 2612 iterato
1187 2550 1378 2634 praefigitur.

324 2649 449 2714 Assunt
464 2651 605 2735 denique
619 2651 695 2713 hinc
710 2649 786 2713 inde
801 2650 842 2712 ad
857 2649 943 2713 diem
958 2659 992 2712 et
1006 2650 1124 2728 locum,
1141 2652 1200 2714 ubi
1215 2651 1316 2714 totius
1330 2653 1379 2716 rei

323 2752 405 2815 serie
421 2763 454 2816 et
469 2751 710 2838 compositionis
725 2751 829 2814 forma
842 2750 877 2813 in
888 2750 1094 2835 justiciarum
1109 2751 1231 2815 domini
1245 2753 1330 2835 regis
1345 2765 1379 2818 et

323 2853 460 2917 aliorum
476 2853 717 2938 quamplurimn
739 2851 905 2915 audientia
925 2851 1054 2936 plenius
1077 2853 1235 2936 exposita,
1253 2853 1379 2918 Alanus

324 2965 425 3018 cartas
439 2965 629 3017 memoratas
652 2954 687 3016 in
708 2975 821 3016 manus
842 2953 967 3016 abbatis
987 2953 1172 3036 resignavit,
1188 2955 1298 3038 sicque
1311 2978 1379 3019 car-

323 3065 389 3118 tam
404 3056 529 3118 abbatis
550 3055 589 3118 de
611 3055 678 3118 sola
695 3054 829 3118 ecclesia
847 3055 886 3116 de
910 3054 1087 3118 Brantham
1106 3055 1237 3119 nomine
1252 3080 1378 3122 monas·

323 3157 399 3220 terii
413 3157 453 3220 de
469 3157 563 3220 Bello
579 3157 717 3220 tenenda
731 3157 791 3219 sub
814 3155 968 3241 pensione
985 3157 1081 3220 unius
1107 3157 1197 3220 aurei
1211 3159 1378 3223 annuatim

161 3279 296 3328 merwel
324 3260 475 3324 solvenda
500 3259 653 3343 suscepit.
700 3257 764 3321 His
785 3257 833 3320 ita
858 3258 967 3341 gestis,
984 3281 1059 3322 oum
1079 3259 1155 3324 hino
1176 3259 1251 3323 inde
1272 3262 1378 3346 sopita

161 3329 267 3379 Μὴ
324 3384 391 3425 esse
411 3371 582 3447 putaretur
606 3361 709 3424 omnis
730 3360 955 3438 controversia,
978 3371 1112 3445 repente
1141 3361 1229 3424 idem
1249 3362 1378 3427 Alanus

323 3475 476 3548 tanquam
497 3464 589 3527 litem
609 3485 723 3525 novam
745 3462 897 3540 initurus,
914 3485 1011 3546 super
1031 3462 1197 3527 ecclesiam
1219 3465 1259 3527 de
1275 3464 1377 3528 Bran-

321 3566 417 3629 ford¹
434 3588 532 3649 quam
543 3565 593 3628 sui
604 3565 688 3649 juris
715 3587 783 3626 esse
806 3564 954 3640 asseruit,
970 3565 1076 3628 velato
1100 3575 1208 3628 tamen
1231 3589 1376 3632 sermone

321 3689 415 3750 agere
431 3666 542 3750 coepit,
559 3665 614 3742 sic,
631 3665 665 3727 ni
681 3665 786 3741 fallor,
802 3666 936 3750 cupiens
958 3666 1112 3751 experiri,
1129 3667 1270 3750 siquem
1291 3668 1376 3732 forte

322 3768 356 3830 in
381 3791 451 3830 eam
474 3767 600 3830 aditum
627 3776 736 3850 posset
764 3766 919 3831 invenire.
967 3767 1033 3831 Sed
1061 3767 1224 3831 neminem
1254 3769 1288 3831 in
1315 3769 1375 3833 hac

321 3881 413 3956 parte
437 3870 598 3933 fautorem
620 3867 797 3944 inveniens,
814 3877 938 3931 tantam
958 3869 1059 3932 totius
1082 3870 1181 3932 curiae
1203 3870 1302 3954 regiae
1320 3872 1376 3934 ad-

320 3995 448 4036 versum
463 3995 496 4035 se
512 3971 666 4035 excitavit
681 3969 946 4054 indignationem,
959 3980 997 4034 ut
1007 3973 1076 4056 jam
1091 3971 1236 4035 omnium
1250 3973 1375 4037 videre-

321 4085 375 4138 tur
404 4098 472 4139 esse
503 4074 673 4150 sententia,
704 4074 739 4136 in
768 4072 859 4135 nullo
885 4071 1056 4136 tenendam
1082 4095 1150 4137 esse
1176 4073 1274 4157 paulo
1298 4085 1374 4137 ante

319 4176 437 4240 factam
456 4176 733 4261 compositionem,
750 4174 807 4236 sed
831 4174 991 4238 restitutis
1015 4173 1047 4237 ei
1069 4175 1254 4240 memoratis
1277 4176 1373 4238 cartis

319 4278 395 4356 suis,
412 4280 452 4342 ab
474 4279 568 4342 initio
589 4279 690 4343 totius
711 4296 815 4341 causae
833 4277 1056 4360 repetendum,
1072 4277 1152 4340 etin
1167 4299 1286 4340 canon
1303 4278 1372 4361 jam

753 4459 761 4490 ¹
780 4457 810 4509 ln
821 4457 929 4514 Suffolk.
